3326 4870
363 719 476 909 ‘lle
513 793 727 908 infinitivi
765 794 892 935 apud
931 711 1141 906 (tridium
1183 822 1288 906 usu.

688 1021 1008 1078 ...ἕῳ

209 1145 286 1299 De
314 1223 474 1292 Ovidiane
504 1222 657 1290 infinitivi
683 1241 744 1289 usu
777 1220 968 1304 disputanti,
1005 1240 1195 1302 quamquam
1229 1223 1341 1288 eadem
1376 1223 1417 1290 de
1451 1242 1487 1288 re

208 1312 438 1379 'Prillhaasium
472 1311 642 1394 scripsisse
676 1331 739 1378 non
773 1310 895 1394 ignoro,
933 1329 996 1375 non
1034 1329 1310 1392 supervacaneum
1345 1311 1487 1377 laborem

209 1401 390 1482 suscepisse
418 1401 496 1466 mihi
523 1401 644 1467 videor.
690 1400 719 1466 is
747 1399 831 1464 enim
858 1417 889 1464 a.
920 1406 1003 1464 1877
1032 1397 1183 1482 libellum,
1219 1400 1272 1480 qni
1301 1399 1487 1466 inscribitur

212 1493 302 1572 „Der
324 1488 471 1556 Infinitiv
493 1489 545 1555 bei
568 1488 687 1572 Ovid‘,
711 1487 822 1553 edidit.
862 1487 917 1567 qui
940 1505 1129 1568 quamquam
1152 1507 1214 1552 non
1238 1508 1341 1569 pauca
1365 1489 1405 1553 de
1429 1490 1488 1555 hoc

208 1598 277 1660 usu,
306 1597 389 1659 quae
416 1595 517 1658 usque
545 1579 588 1644 ad
609 1578 689 1643 illud
711 1583 837 1658 tempus
859 1576 946 1642 viros
970 1576 1081 1642 doctos
1104 1575 1266 1658 fugerant,
1294 1577 1327 1642 in
1350 1577 1487 1643 medium

207 1668 353 1751 protulit,
377 1671 486 1732 tamen
509 1685 571 1732 non
594 1665 710 1749 omnia,
734 1683 817 1745 quac
839 1665 881 1730 ad
903 1663 1095 1730 infinitivum
1118 1665 1294 1748 pertinent,
1318 1667 1485 1732 tractavit.

208 1757 248 1821 de
276 1757 359 1822 nudo
387 1755 473 1822 enim
498 1755 658 1822 infinitivo
685 1754 764 1836 egit,
798 1751 1019 1819 accusativum
1047 1771 1117 1820 cum
1144 1752 1302 1819 infinitivo
1330 1759 1365 1819 et
1393 1773 1486 1834 quom

208 1848 327 1910 vocant
354 1863 425 1911 cum
452 1843 647 1909 nondnativo
676 1842 793 1924 omisit,
828 1841 941 1922 quibus
973 1840 1007 1907 in
1040 1843 1137 1908 rebus
1169 1843 1322 1921 quomodo
1349 1843 1486 1911 Ovidius

208 1938 359 1998 versatus
382 1932 437 2014 sit,
461 1930 616 2012 explicari
638 1948 833 2012 magnopere
855 1929 991 2013 referre,
1014 1948 1105 1996 nemo
1129 1939 1191 2011 est,
1220 1931 1296 2010 quin
1319 1931 1485 1996 concedat.

208 2020 273 2086 iam
295 2039 384 2103 vero,
408 2019 521 2100 quibus
542 2038 583 2085 ex
602 2019 779 2086 nominibus
800 2024 836 2084 et
854 2019 964 2084 verbis
983 2019 1087 2084 nudus
1106 2019 1294 2100 infinitivus,
1317 2020 1485 2102 penderet,

208 2109 272 2175 etsi
307 2127 412 2190 paene
446 2108 552 2174 omnia
585 2107 787 2174 enumeravit
820 2107 1031 2188 exemplaque
1064 2107 1199 2190 addidit,
1239 2113 1347 2172 tannen
1380 2126 1485 2188 neque

208 2216 290 2277 quae
324 2203 508 2263 structurae
543 2198 629 2278 apud
661 2195 811 2264 Ovidium
845 2195 980 2278 primum
1013 2201 1229 2278 occurrerent,
1264 2213 1368 2277 neque
1402 2214 1485 2275 quae

207 2305 292 2368 raro,
317 2304 399 2366 quae
422 2285 551 2366 saepius
573 2285 816 2366 invenirentur,
831 2283 989 2366 exposuit.
1022 2283 1125 2350 veluti
1146 2283 1180 2350 in
1203 2284 1311 2350 verbis
1335 2284 1486 2351 studendi

207 2373 380 2440 afferendis
414 2393 446 2455 p.
483 2381 534 2439 12.
572 2379 683 2455 „tento
717 2379 752 2438 et
785 2372 947 2455 retent0“,
981 2371 1014 2438 in
1042 2373 1151 2439 verbis
1180 2373 1343 2438 metuendi
1370 2393 1401 2454 p.
1433 2380 1484 2440 13.

210 2467 335 2543 „metuo
358 2467 393 2528 et
411 2463 534 2544 paveo“
560 2461 762 2528 enumeravit
784 2461 982 2542 singulisque
998 2460 1108 2529 Ovidii
1130 2461 1207 2527 locis
1230 2461 1319 2528 usum
1343 2461 1484 2526 illustra·

206 2550 266 2632 vit,
294 2551 353 2616 sed
378 2568 439 2616 nec
465 2552 567 2616 verba
594 2549 780 2616 retentandi
809 2556 844 2615 et
871 2549 1012 2631 pavendi
1034 2551 1077 2615 ab
1111 2567 1148 2616 eo
1183 2549 1283 2630 primo
1322 2569 1392 2615 cnm
1415 2549 1484 2615 infi-

206 2638 309 2705 nitivo
342 2638 450 2720 posita
485 2658 559 2705 esse
592 2658 653 2704 nec
686 2639 797 2720 paucis
823 2638 902 2705 locis
930 2643 1087 2719 usurpata
1114 2656 1187 2704 esse
1216 2638 1483 2704 commemoravit.

207 2727 344 2809 accedit,
367 2731 414 2810 ut,
438 2745 521 2807 quae
542 2727 627 2793 ratio
660 2727 748 2793 inter
770 2725 921 2796 Ovidium
948 2732 984 2792 et
1010 2731 1136 2792 ceteros
1159 2733 1272 2807 poetas
1296 2726 1483 2808 Augusteos

206 2814 399 2896 intercedat,
422 2815 613 2897 neglexerit,
637 2815 670 2881 id
693 2816 776 2896 quod
803 2815 936 2880 multum
964 2815 1007 2880 ad
1040 2833 1129 2880 usum
1154 2815 1345 2882 Ouidianum
1371 2833 1484 2896 cogno-

206 2904 358 2970 scendum
379 2903 491 2969 valere
514 2910 661 2986 apparet.
685 2922 769 2984 qnae
791 2923 862 2970 cum
877 2904 926 2970 ita
949 2907 1070 2985 essent,
1094 2905 1207 2982 denno,
1238 2905 1390 2983 quomodo
1407 2903 1483 2972 Ovi·

206 2992 277 3058 dius
299 2991 492 3059 infinitivum
521 2999 722 3074 usurpasset,
757 3009 914 3072 quaerere
947 2992 1086 3057 animum
1119 2991 1239 3058 induri.
1275 3012 1378 3056 meam
1412 3013 1483 3058 con·

207 3080 362 3146 dicionem
396 3081 558 3146 meliorem
588 3098 666 3146 vesse
700 3099 794 3160 quam
828 3079 1016 3146 Trillhaasii
1050 3079 1195 3160 equidem
1231 3082 1378 3164 concedo,
1413 3101 1482 3147 curn

205 3169 284 3236 mihi
317 3169 398 3234 illud·
428 3168 590 3250 Draegeri
629 3187 719 3250 opus,
755 3169 838 3250 quod
872 3168 1058 3240 inscribitur
1094 3168 1320 3248 „Historische
1356 3169 1483 3250 Syntax

206 3258 265 3322 der
285 3256 500 3322 lateinischen
516 3255 691 3339 Sprache,“
716 3262 847 3338 praesto
868 3255 1011 3339 fuerit.*)
1035 3259 1117 3336 quod
1143 3275 1330 3337 quamquam
1354 3259 1397 3322 ed
1420 3260 1482 3324 sin·

205 3344 350 3425 guarum
374 3352 608 3411 structurarum
631 3363 721 3411 usum
744 3343 998 3426 perspiciendum
1022 3364 1137 3426 urrrgno
1168 3347 1236 3410 osni
1270 3346 1346 3410 mibi
1381 3347 1482 3412 titisse

205 3431 323 3515 fateor,
346 3438 456 3498 tamen
478 3435 519 3500 de
541 3439 708 3516 poetarum
736 3433 977 3514 Augusteorum
1015 3453 1074 3499 usu
1108 3433 1162 3498 ille
1198 3435 1247 3498 vir
1281 3435 1481 3500 doctissimus

205 3539 268 3586 non
291 3526 359 3586 tam
381 3525 541 3604 accurate,
565 3529 602 3587 ut
623 3521 867 3587 observationes
890 3521 1001 3588 statim
1024 3523 1056 3586 in
1081 3541 1168 3586 nsum
1193 3530 1323 3588 vertere
1345 3543 1481 3604 possem,

205 3608 343 3690 scripsit.
379 3609 462 3689 quod
495 3614 602 3676 autem
637 3609 921 3676 commentationes
960 3611 1001 3675 de
1040 3619 1206 3692 poetarum
1242 3611 1481 3692 Augusteorum

204 3697 343 3779 priorum
368 3717 427 3763 usu
458 3697 611 3765 infinitivi
644 3699 842 3780 conscriptas
869 3697 1000 3781 attinet,
1030 3699 1173 3780 quamvis
1197 3718 1326 3780 operam
1360 3701 1481 3784 darem,

204 3791 242 3851 ut
264 3805 372 3852 omnes
395 3785 472 3852 mihi
495 3804 656 3869 pararem,
684 3786 754 3852 iieri
781 3805 844 3854 non
878 3787 993 3868 potuit.
1028 3806 1103 3852 usus
1138 3806 1205 3852 sum
1240 3788 1368 3870 libellis,
1404 3808 1481 3870 qnos

204 3874 357 3940 Maixuer
380 3879 415 3940 et
437 3876 568 3941 Krause
592 3876 632 3940 de
655 3875 844 3957 Vergiliano
868 3875 1021 3941 infinitivi
1042 3894 1101 3941 usu
1124 3877 1334 3958 scripserunt,
1351 3896 1481 3957 quorum

205 3981 246 4027 ex
269 3961 330 4029 hoc
351 3981 499 4044 magnum
521 3963 659 4029 fructum
683 3981 733 4029 me
756 3963 941 4046 percepisse
964 3965 1110 4030 concedo.
1133 3963 1189 4030 ille
1212 3964 1295 4030 enim
1323 3966 1374 4031 vir
1410 3966 1481 4032 doc·

204 4050 347 4118 tissimus
372 4052 591 4133 Vergilianum
614 4071 707 4118 usum
729 4057 873 4118 tractare
896 4071 960 4118 non
984 4052 1066 4118 satis
1089 4052 1211 4135 habuit,
1240 4054 1298 4119 sed
1326 4053 1481 4134 originem

204 4145 240 4204 et
262 4138 429 4206 historiam
452 4146 687 4206 structurarum
710 4159 811 4222 usque
834 4142 877 4206 ad
898 4140 1103 4222 Propertium
1127 4149 1315 4221 persecutus
1343 4151 1404 4226 est,
1433 4149 1480 4228 ut,

206 4247 289 4308 quae
312 4229 398 4309 apud
420 4230 623 4310 Draegernm
647 4229 774 4311 desunt,
798 4246 897 4309 saepe
920 4229 1140 4311 suppleantur.

292 4317 344 4382 De
366 4314 518 4384 infinitivi
551 4323 670 4383 natura
693 4317 747 4397 qui
775 4317 894 4382 nostris
928 4317 1124 4400 temporibus
1148 4317 1410 4404 disqmsiverunt,
1446 4319 1478 4386 in

309 4491 336 4558 *l
354 4492 444 4562 pn’ore
462 4493 579 4552 editione
597 4509 662 4550 usae
680 4509 747 4562 snm,
765 4492 841 4550 cuius
858 4494 946 4550 altera
963 4511 1027 4564 pars
1045 4510 1070 4549 a.
1091 4495 1159 4550 rete
1176 4495 1285 4563 prodiit.
