3326 4870
675 91 889 160 muz-

142 250 213 412 ger.
237 253 355 414 XVIII,
370 263 422 327 55.
446 275 583 342 manuque
606 267 668 330 est
689 260 906 329 meminisse
930 259 1123 345 voluptas.

170 368 219 414 OS·
244 356 674 590 {st'pfo'qssg‘cnrminibus
696 437 830 522 meritus
857 437 1061 506 celebrare
1083 435 1208 520 puellos

141 545 471 697 pignusosarngnh'
496 622 571 681 247.
680 653 682 656 -

247 702 432 787 metuerit,
456 709 492 769 ot
514 721 643 770 oausam
666 699 727 770 tibi
748 721 785 769 se
808 701 911 768 scire
934 721 1008 768 esse
1030 701 1151 786 pericli,

249 791 308 857 lroo
330 793 476 858 dominae
499 793 582 861 uerti
602 793 743 876 pignus
766 791 884 858 auroris
907 791 995 858 erit.

140 878 259 946 dolus.
284 879 353 947 her.
381 881 486 965 XIX,
499 888 552 948 32.

247 967 276 1034 si
298 972 408 1036 tomen
430 977 508 1052 est,
532 969 615 1050 quod
637 985 737 1054 omes,
760 966 864 1035 velle
887 975 1001 1034 tenere
1023 965 1145 1034 dolus.
1179 1021 1183 1028 .

140 1055 353 1124 eonsilium.
376 1075 406 1123 a.
431 1076 461 1122 o.
486 1059 602 1139 I,380.

246 1144 445 1212 consilinm
469 1151 578 1212 tamen
601 1149 663 1212 est
684 1143 926 1212 abstinuisse
948 1162 1063 1210 meum.

137 1232 387 1315 propositum.
411 1252 489 1299 rem.
515 1240 566 1299 53.

246 1320 325 1388 utile
347 1322 584 1404 propositum
605 1327 661 1389 est
683 1339 800 1388 saevas
824 1319 1073 1404 exstinguere
1096 1319 1250 1386 flammas.
1334 1367 1336 1372 -

137 1409 528 1494 mmRfflQm

244 1517 307 1565 non
330 1501 443 1566 eaden
466 1499 569 1566 ratio
591 1504 655 1566 est
676 1498 827 1566 sentire
851 1503 886 1564 et
909 1497 1062 1564 demere
1084 1498 1221 1564 morbos.

96 1610 101 1620 *
136 1604 269 1668 genus,
293 1588 332 1654 P.
355 1589 456 1670 ΙΙΙ,4
482 1595 522 1653 75

244 1675 273 1741 si
294 1695 414 1758 genus
437 1681 490 1742 est
512 1676 623 1743 mortis
646 1675 730 1742 male
752 1674 904 1759 vivere,
928 1680 991 1742 eto

136 1763 317 1831 studium.
341 1783 419 1831 rem.
444 1771 520 1830 207.

244 1852 347 1918 leuius
371 1858 433 1918 est
455 1851 638 1936 studium,
662 1851 802 1919 studium
823 1857 943 1935 temen,
967 1848 1046 1916 alite
1068 1855 1167 1934 nupta

243 1946 302 2005 aut
322 1940 387 2007 lino
409 1950 469 2006 eut
490 1941 622 2007 columis
644 1941 788 2022 proemio
809 1959 914 2022 parve
936 1939 1058 2020 sequi.

136 2028 280 2116 pietas,
304 2047 414 2096 amor.
438 2035 480 2095 tr.
503 2031 546 2113 7,
562 2035 612 2113 11,
637 2036 689 2094 27.

242 2136 312 2182 oum
336 2119 415 2184 deus
437 2117 587 2202 intonuit,
610 2136 647 2183 se
669 2135 732 2183 uon
755 2115 971 2184 subducere
993 2115 1109 2201 nlmbo,

243 2205 276 2272 id
298 2206 422 2272 demum
446 2206 591 2290 pietus,
614 2206 648 2272 id
670 2205 798 2272 socialis
821 2224 933 2271 amor.

134 2312 246 2376 opus,
269 2295 414 2379 pletas,
437 2295 639 2361 elemento.
662 2293 702 2360 F.
726 2295 881 2377 Hunos.

242 2383 303 2448 hoo
325 2403 432 2468 opus,
456 2384 701 2467 templares,
725 2382 807 2449 hoen
828 2382 932 2465 pulmo
955 2381 1145 2450 elemento
1166 2379 1298 2448 luerunt

242 2472 408 2556 Caesarie,
431 2472 572 2538 ulcisci
593 2472 681 2538 iuste
702 2491 762 2553 per
784 2490 875 2537 arma
898 2476 1035 2553 putrem.

133 2559 328 2626 barbaria.
353 2579 382 2626 n.
407 2563 474 2644 111,
487 2569 517 2644 8,
542 2569 573 2627 4.

241 2655 278 2716 at
298 2666 383 2714 nune
404 2649 586 2715 barberio
608 2653 661 2715 est
681 2647 815 2730 grandis
838 2647 984 2714 hebere
1006 2645 1096 2714 nilril.
1156 2653 1158 2658 ’

134 2736 399 2803 rudimentum.
423 2737 492 2805 her.
516 2739 558 2818 7,
572 2745 624 2803 97.

241 2831 336 2906 turpe
358 2825 612 2892 rudimentum
633 2823 760 2907 patriae
783 2841 1025 2908 praeponere
1047 2829 1185 2908 raptem.

133 2913 331 2996 eloquium.
356 2915 394 2979 7¹.
420 2915 573 2996 17,111..

241 3003 507 3083 eloquiumque
529 3001 593 3069 fouit
614 3001 726 3068 durum
749 3019 913 3068 exorere
935 3001 1085 3085 puellam.

132 3096 342 3172 peecatum.
367 3099 408 3156 tr.
435 3093 500 3174 III,
514 3099 545 3174 5,
569 3099 622 3158 50.

239 3186 511 3262 pennatumque
534 3177 641 3246 oeulos
663 3182 726 3244 est
748 3178 932 3250 habuisse
953 3195 1068 3244 meum.

131 3269 383 3334 commodissime
406 3269 467 3334 hoo
488 3268 558 3334 loon
572 3287 614 3334 ea
634 3267 782 3349 exemplo.
797 3268 1040 3350 sublunguntnr‚
1056 3269 1139 3347 quoe
1155 3283 1175 3332 s
1191 3264 1407 3349 superioribus

131 3373 196 3420 non
219 3355 371 3431 differunt
392 3357 455 3422 nisi
477 3355 589 3423 forme.
624 3355 742 3422 obiecti
769 3356 854 3424 enim
882 3356 949 3422 loro
983 3353 1160 3423 infinitivus
1195 3355 1324 3422 additus
1357 3363 1410 3422 est

131 3442 329 3528 praedicato,
353 3446 477 3524 quode
501 3447 600 3512 verbo
627 3443 800 3510 transitivo
835 3450 870 3511 et
903 3445 1088 3510 accusativo
1122 3444 1215 3511 verbi
1249 3445 1408 3511 notionem

131 3531 302 3614 supplente
324 3537 463 3598 onustat

130 3626 208 3687 met.
231 3621 337 3703 XIII,
351 3628 427 3688 299.
473 3619 502 3688 si
524 3619 727 3688 simulasse
749 3637 866 3688 voees
889 3618 1045 3704 crimen,
1069 3621 1271 3702 peccavimus
1294 3623 1396 3688 umbo.

130 3707 171 3774 F.
194 3710 242 3792 H,
259 3716 334 3776 472.
474 3723 532 3789 pro
555 3729 615 3791 quo
638 3729 722 3777 nuno
744 3709 849 3776 oerni
877 3708 985 3775 sidera
1008 3709 1138 3775 munus
1161 3709 1314 3776 hebent.

129 3802 207 3863 met.
231 3797 273 3882 V,
287 3805 361 3866 191.
473 3816 592 3879 magne
614 3798 718 3866 feres
741 3797 860 3863 teritos
883 3797 1029 3864 solooia
1051 3797 1164 3864 mortis
1187 3799 1230 3864 ud
1251 3799 1381 3864 umbras

471 3906 494 3953 e
516 3892 609 3952 tento
632 3886 823 3953 decidisse
844 3885 925 3952 viro.

129 3971 168 4039 P.
192 3974 253 4057 17,
268 3981 298 4058 8,
323 3983 353 4040 6.
515 3975 691 4042 meritum
713 3973 817 4042 velle
839 3974 954 4042 iuvere
976 3990 1064 4041 voto.

127 4061 206 4126 Jnm
229 4061 435 4130 substantivo
458 4062 551 4148 eddo,
586 4083 669 4146 quoe
704 4082 893 4146 quemquem
917 4064 959 4133 ub
982 4063 1098 4130 Ouidio
1121 4081 1184 4130 non
1206 4062 1309 4144 primo
1335 4081 1408 4130 oum

127 4148 288 4216 infinitivo
310 4152 419 4234 posito
442 4157 526 4236 sunt,
550 4158 659 4220 tumen
681 4169 758 4220 raro
778 4150 996 4219 invenIuntur.

128 4255 222 4318 opus
245 4243 307 4305 est
328 4257 392 4307 nou
413 4240 499 4307 idem
521 4240 684 4324 significet
717 4239 801 4322 quod
826 4239 1012 4323 „neeesse“‚
1040 4237 1098 4306 sed
1128 4237 1329 4322 „negotium“
1354 4245 1407 4307 est

127 4330 196 4392 met
217 4327 266 4410 II,
290 4333 366 4394 411.
390 4347 420 4395 a.
444 4348 475 4394 a.
499 4331 567 4414 111,
590 4337 665 4396 970.
688 4331 728 4397 F.
752 4328 820 4400 III.
846 4335 919 4394 725.
942 4328 1027 4394 idem
1060 4327 1200 4395 occurrit
1222 4327 1291 4396 Cio.
1323 4334 1405 4396 tuso.

127 4415 195 4500 ΙΙΙ,
219 4423 273 4500 33,
299 4424 350 4482 79.
375 4419 471 4489 Verr.
495 4419 542 4504 ΙΙ,
569 4425 597 4486 1.
623 4426 676 4502 56,
703 4425 776 4484 147.
800 4417 883 4483 Hor.
907 4435 935 4484 e.
959 4417 987 4502 I,
1013 4425 1042 4501 7,
1067 4424 1106 4484 5.·-
1192 4512 1213 4569 2
