3326 4870
658 109 738 168 ·->÷
768 98 815 168 1'5
844 115 898 168 κω
1011 177 1019 190 Α

150 275 228 338 mot.
252 271 357 352 XIII,
383 275 446 334 670
833 267 868 334 'si
890 267 970 334 miro
993 269 1159 352 perdere
1181 288 1268 336 more
1376 285 1378 290 ·

364 357 472 422 ferre
495 363 659 423 vocatur
682 375 784 440 opem.

150 453 226 513 met.
252 447 333 531 XV,
357 454 421 512 255
758 462 765 482 ·
901 445 1084 526 nascique
1107 451 1270 513 vocatur

364 534 539 614 incipere
563 551 636 600 esse
658 533 757 617 aliud,
781 551 875 615 quam
899 535 981 615 quod
1003 532 1176 619 16116616,
1199 534 1368 618 morique

365 623 548 688 desinere
571 622 649 688 illud
670 623 766 688 idem.

151 733 181 778 a.
205 732 235 778 a.
260 711 327 795 III,
351 719 415 776 365
439 729 543 792 parva
566 712 688 776 tabella
711 710 801 792 capit
824 716 934 776 ternos
956 709 1114 792 utrimque
1137 709 1276 795 lapillos

364 799 397 866 in
420 819 483 880 qua
505 799 649 866 vicisse
673 804 733 864 est
756 799 1006 865 contiuuasse
1028 817 1113 864 6666.

150 888 769 968 11666616666666611111.11482.
868 937 873 945 a
1519 941 1529 959 .

151 979 189 1042 P.
214 979 275 1060 IV,
301 984 331 1056 2,
357 975 1025 1042 13161116166166666611666166166
1049 981 1137 1041 erat
1159 976 1302 1041 addere
1325 975 1426 1043 silvis

151 1065 261 1131 activa
283 1071 447 1131 structura
469 1068 581 1129 exstat
602 1068 679 1130 met.
702 1065 745 1147 V,
771 1071 834 1130 519

364 1153 393 1218 si
415 1153 592 1234 reperire
614 1171 730 1218 vocas
754 1153 938 1218 amittere
961 1151 1091 1236 certium,
1115 1156 1173 1217 aut
1195 1151 1233 1238 si

364 1241 482 1325 scire,
505 1240 636 1324 ubisit,
659 1241 835 1322 reperire
858 1259 981 1307 vocas.
1223 1241 1228 1254 '

631 1593 729 1602 ...-...
735 1569 949 1626 Q*

152 1891 220 2001 u·
249 1890 315 2004 Be
351 1889 642 2002 accusativo
673 1917 787 2157 ¹cum
827 1885 1184 2158 1611611166(ιυί
1221 1887 1427 2002 subiecti

688 2076 777 2160 oco
814 2076 870 2159 66
895 2134 906 2158 .

256 2246 449 2314 Accusativi
472 2266 543 2314 cnm
569 2245 627 2313 inf.
655 2246 875 2328 praedicatum
905 2245 939 2329 a)
967 2264 1082 2312 nomen
1110 2245 1347 2312 substantiuum
1370 2253 1429 2312 aut

150 2337 343 2402 adIeotivum
367 2345 419 2402 est
446 2355 516 2402 cum
546 2337 646 2401 verbo
674 2335 878 2401 substantivo
906 2334 1117 2419 coniunctum,
1151 2335 1186 2417 b)
1211 2336 1342 2401 verbum
1370 2335 1428 2401 im·
1485 2415 1488 2418 ,

85 2477 89 2482 .
149 2424 330 2506 personale.

727 2543 732 2550 ’
772 2566 803 2614 6.

151 2653 261 2720 Ovidii
282 2653 413 2735 propria
436 2658 512 2719 sunt
534 2654 615 2719 haec
637 2653 843 2720 substantiva
865 2672 935 2719 cum
957 2671 1022 2720 ace.
1047 2657 1081 2718 et
1102 2651 1160 2719 inf.
1183 2652 1307 2734 posita:

152 2742 304 2808 crimen.
329 2743 367 2806 Ρ.
392 2741 453 2823 IV,
479 2749 530 2822 11,
556 2750 572 2806 1

364 2829 482 2912 Gallio,
506 2829 648 2895 crimen
672 2829 750 2896 erit
770 2829 827 2896 vix
850 2829 1033 2897 excusabile
1056 2829 1147 2896 nobis

364 2916 505 2983 carmine
528 2923 567 2983 te
589 2936 702 2984 nomen
725 2936 788 2984 non
812 2918 998 2984 habuIsse
1021 2937 1100 2985 meo.

150 3007 224 3074 lex.
248 3026 277 3073 a.
302 3024 332 3073 a.
357 3007 386 3092 1,
412 3013 485 3073 655.
576 3024 679 3086 neque
703 3006 786 3072 enim
809 3006 872 3072 lex
895 3005 1027 3088 aequior
1050 3007 1115 3072 6116
1138 3009 1213 3092 661,

568 3113 661 3176 quam
683 3095 771 3162 necis
794 3093 977 3161 artifices
1001 3101 1073 3160 arte
1096 3096 1227 3178 perire
1247 3115 1318 3168 666.

150 3203 245 3250 sors.
268 3183 308 3250 F.
330 3184 400 3264 ΠΙ,
424 3190 488 3248 804
1244 3263 1248 3268 Ι

362 3271 491 3338 viscera
514 3271 568 3352 qui
590 3270 676 3337 tauri
698 3270 832 3336 flammis
855 3272 1014 3352 adolenda
1037 3271 1191 3356 dedisset,

363 3379 448 3427 sors
472 3365 558 3426 erat
579 3365 730 3426 aeternos
754 3359 914 3428 viucere
936 3379 1032 3443 posse
1055 3363 1141 3427 deos.

150 3466 253 3513 onus.
276 3443 359 3512 med.
383 3456 423 3514 21
494 3459 496 3466 '

362 3535 495 3602 induitis
519 3535 598 3602 coilo
621 3535 746 3618 lapides
769 3535 895 3602 oriente
916 3537 1038 3618 petitos

364 3629 399 3690 et
422 3631 557 3705 quantos
580 3643 672 3691 onus
696 3629 757 3691 661
779 3643 858 3690 aure
881 3625 1021 3691 tulisse
1045 3626 1147 3694 duos.

150 3712 251 3779 satis
273 3731 430 3794 poenae.
456 3714 524 3779 her.
547 3714 648 3797 XIV,
674 3721 714 3778 87
813 3797 816 3802 ι

206 3847 209 3854 .
362 3807 399 3867 61
421 3801 522 3868 66116
546 3806 607 3866 661
629 3819 777 3883 poenae
800 3805 947 3867 tenerum
969 3802 1137 3884 mugisse
1160 3800 1336 3885 pueliam.

149 3889 341 3971 voluptas.
366 3889 435 3956 her.
459 3890 559 3969 XVI,
585 3897 645 3954 131
1380 3915 1382 3920 v

361 3977 465 4059 prima
487 3996 561 4043 mea
579 3983 635 4043 661
657 3977 757 4059 igitur
778 3976 903 4046 Veneri
925 3975 1085 4060 placuisse
1109 3979 1309 4064 voluptas,

361 4067 536 4148 proxima
558 4083 613 4131 me
637 4067 759 4133 visam
781 4067 927 4149 praemia
949 4085 1071 4134 summa
1094 4068 1163 4134 tibi.

148 4153 187 4219 in
210 4151 307 4220 fatis
330 4160 392 4221 661.
416 4159 492 4221 met.
515 4156 545 4238 Ι,
573 4161 636 4220 256

362 4262 435 4310 6666
458 4262 580 4324 quoque
602 4243 637 4308 in
659 4240 737 4308 satis
760 4242 976 4310 reminiscitur
998 4243 1111 4311 adfore
1134 4248 1271 4329 tempus,
1294 4263 1322 4311 6.

149 4349 191 4396 ex
218 4330 350 4397 aliorum
377 4332 651 4398 substantivorum
682 4351 824 4416 numero,
859 4351 941 4413 quae
970 4333 1031 4401 Ou.
1061 4332 1200 4416 puerum
1235 4333 1426 4417 scriptorum

149 4417 295 4501 exemplo
319 4438 388 4485 cum
412 4439 479 4487 acc.
503 4425 538 4485 61
559 4418 616 4486 inf.
640 4420 758 4504 posuit,
782 4421 887 4489 addoz·
