3326 4870
677 131 746 185 55
775 113 817 185 21
852 131 905 183 se-

161 291 213 350 55
236 283 305 368 111,
330 290 360 366 5,
385 290 438 349 55
464 289 516 365 rr,
541 290 594 348 55.
630 283 693 366 55,
718 237 748 365 n,
774 291 825 352 55.
862 286 900 350 P.
930 284 979 367 55,
1011 293 1060 405 9’..
1067 293 1119 350 55.
1153 286 1193 351 5.
1218 286 1267 369 55,
1291 294 1365 352 555.
1400 287 1444 370 r,

160 381 234 439 319.
260 371 445 453 555515515
469 371 661 438 eiuslooum
686 374 857 438 succedere
897 374 1060 455 ,“parce
1099 378 1133 438 et
1170 375 1365 459 „,desine‘
1404 376 1444 439 de

159 461 326 542 quibust.
351 459 438 526 infra
461 467 587 542 agetur

155 547 345 650 praefero
369 567 432 616 non
454 548 556 614 solum
577 548 691 631 abeo,
716 521 909 628 quibellum
932 547 1029 615 Alex.
1060 549 1202 633 scripsit,
1231 557 1265 616 et
1251 550 1342 617 tab
1375 553 1445 616 Ho-

158 637 243 703 ratio
268 655 338 702 cum
360 636 419 701 155.
442 636 582 718 positum
606 643 667 722 555,
691 637 750 702 sed
774 636 886 702 etiam-
895 638 935 702 ab
952 637 1070 706 0515115

159 732 235 791 met.
259 725 325 790 IX.
353 732 416 790 153
845 726 988 792 omnibus
1012 726 1076 790 illis
1204 763 1208 768 -

367 812 566 894 praetulit
587 813 740 879 imbutam
763 813 890 880 Nesseo
913 814 1068 894 sanguine
1092 819 1219 880 vestem

367 902 538 967 mittere.
795 927 797 934 ¹

156 1008 245 1056 amo.
270 985 332 1058 05.
355 990 517 1073 Plautum,
540 988 715 1054 Horatium
739 986 783 1072 (v.
808 990 870 1054 Kr.
894 1009 928 1070 p.
955 989 1033 1074 194)
1057 997 1188 1056 secutus
1208 991 1344 1072 <scripsit
1375 991 1444 1092 her·

155 1096 218 1180 IV,
244 1102 284 1161 76
522 1110 524 1118 ⁴
1203 1123 1205 1128 ¹

369 1183 432 1250 fine
456 1183 530 1250 coli
551 1184 673 1250 modico
696 1182 799 1248 forma
821 1182 924 1250 5151115
948 1189 1061 1249 amat.

158 1289 269 1355 5555,
293 1273 376 1352 quod
399 1273 532 1338 verbum
555 1272 760 1354 5155555515,
796 1289 894 1354 saepe
929 1273 1130 1364 501555555
1165 1293 1234 1340 cum
1268 1272 1325 1338 inf.
1361 1293 1443 1340 conr·

158 1360 296 1442 positum
320 1365 381 1444 555,
405 1379 457 1442 ap.
481 1362 543 1429 05.
566 1361 785 1442 1551555555.
808 1361 858 1441 H,
884 1368 947 1426 593
1340 1379 1345 1392 ’

582 1449 712 1531 propius
737 1449 928 1514 accedere
951 1449 1090 1515 aventi

305 1555 307 1562 ’
370 1536 521 1603 vulnifico
544 1536 653 1603 fuerat
675 1536 796 1603 fixurus
819 1543 953 1618 pectora
976 1539 1052 1604 telo.
1087 1567 1090 1574 v
1231 1596 1234 1603 .

158 1625 344 1693 desidero
366 1627 427 1706 Dr.
450 1645 482 1707 p.
507 1634 570 1692 298
595 1634 672 1692 ante
686 1625 752 1694 015.
777 1644 848 1691 cum
877 1624 934 1692 inf.
957 1645 1021 1690 non
1044 1625 1244 1692 coniunctum
1267 1626 1443 1693 5555511515.

157 1714 192 1780 in
215 1721 386 1795 poetarum
407 1712 540 1796 August
541 1733 649 1780 eorum
671 1714 761 1780 libris
784 1732 847 1779 non
870 1712 1034 1796 reperitur
1066 1714 1129 1780 nisi
1163 1735 1215 1797 ap
1240 1715 1302 1782 05.
1336 1723 1379 1782 tr.
1414 1717 1445 1800 I,

160 1809 190 1887 5,
215 1809 268 1868 45.

266 1889 369 1956 55155
391 1908 478 1956 meos
501 1909 594 1956 casus
618 1890 646 1956 si
669 1891 740 1972 quis
763 1889 972 1956 desiderat
994 1909 1113 1957 omnes.

158 2000 227 2078 pet
232 2014 249 2061 o
274 1975 348 2076 (Dr
371 2014 403 2077 p.
435 2003 511 2062 298.
533 1997 597 2064 Kr.
634 1995 691 2081 25)
714 1995 868 2077 Lucretii,
820 1996 1036 2081 tHoratii,
1058 1996 1199 2078 Vergilii
1231 1993 1375 2078 exemplo
1403 1999 1445 2062 ab

160 2084 277 2154 Ovidio
299 2103 370 2150 cnm
391 2082 448 2150 inf.
473 2077 610 2166 positam
635 2092 687 2150 555
709 2092 785 2150 met.
816 2047 918 2167 VIII,
947 2083 1022 2150 421.
1051 2085 1152 2169 XIV,
1182 2091 1256 2150 571.
1284 2087 1323 2150 Ρ.
1350 2087 1399 2168 Π,
1425 2095 1445 2159 3

161 2181 214 2239 33.
248 2177 325 2238 met.
358 2175 460 2259 VIII,
496 2181 559 2240 421
595 2173 822 2254 nutricemque
856 2178 1005 2254 petunt
1038 2174 1175 2239 dextrae
1209 2173 1445 2256 coniungere

161 2263 322 2435 giptgalril,
342 2350 425 2431 qnod
462 2351 594 2416 verbum
629 2309 811 2416 a'ccmicis
847 2349 976 2431 saepius
1013 2368 1083 2415 curn
1116 2348 1173 2416 inf.
1208 2349 1348 2415 iunctum
1383 2356 1444 2434 est,

161 2437 548 2610 {ligerffargwilvidius
571 2457 655 2504 unus
679 2439 719 2504 de
741 2439 847 2520 poetis
863 2437 995 2520 August
996 2438 1043 2504 eis
1058 2444 1251 2520 5555555555
1273 2444 1349 2504 met.
1366 2439 1447 2524 VII,

187 2537 203 2592 7

160 2636 238 2700 met
260 2633 342 2715 VII,
366 2639 430 2699 475
454 2633 550 2698 turba
570 2632 637 2700 ruit
659 2639 836 2715 tantaeque
859 2633 962 2702 virum
985 2651 1222 2744 cognoscere
1246 2632 1353 2732 famae

375 2719 542 2803 expetit.

161 2829 208 2890 op
216 2806 354 2889 t.o(Dr
376 2828 408 2890 p.
434 2817 509 2875 298.
532 2810 595 2878 Κ5.
621 2817 663 2876 24
686 2807 716 2894 5)
740 2810 815 2876 inde
838 2829 858 2875 a
880 2809 991 2876 Plauti
964 2808 1209 2891 ttemporibus
1237 2810 1318 2875 satis
1346 2826 1459 2891 saepe.

162 2897 355 2964 infinitivum
379 2897 509 2978 excipit.
533 2913 585 2978 ap.
610 2898 760 2985 Ouidium
783 2899 903 2980 legitur
926 2904 1001 2964 met.
1024 2900 1088 2982 IV,
1114 2905 1187 2964 188.
1212 2905 1286 2965 316.
1313 2900 1445 2982 15558.

162 2987 210 3069 Χ,
234 2994 310 3052 364.
333 2986 401 3072 ΧΙ,
427 2993 500 3052 128.
524 2987 631 3072 ΧΠΙ,
658 2994 731 3053 709.
755 3006 786 3071 8,
809 2985 924 3072 mm,
949 2995 1001 3052 30.
1029 2993 1058 3070 7,
1082 2993 1135 3052 47.
1162 2986 1231 3052 her.
1253 2987 1353 3070 XVI,
1372 2995 1446 3054 199.

161 3037 466 3158 5.’.,.’.5Ι29455
504 3074 1446 3161 H1166851V830P1333IH3

164 3171 237 3230 195.
273 3179 326 3245 ap.
361 3164 433 3230 Tib.
456 3165 486 3247 Ι,
511 3173 541 3247 6,
567 3171 620 3230 74.
653 3165 716 3250 IV,
743 3172 794 3246 11,
819 3170 849 3229 4.
887 3180 949 3230 uno
983 3165 1050 3229 loco
1085 3165 1126 3228 ab
1161 3162 1277 3231 Ouidio
1312 3127 1446 3244 optandi

161 3253 262 3318 verbo
292 3253 369 3318 nudi
402 3251 555 3318 infinitivi
589 3252 657 3318 loco
681 3251 901 3319 coniunctirus
924 3267 984 3334 per
1013 3251 1264 3318 coniunctionem
1290 3251 1364 3335 „ut“
1390 3270 1447 3317 an·
1511 3321 1516 3330 ,

162 3340 325 3408 nectitur:
349 3341 419 3406 her.
442 3340 563 3426 XVII,
589 3347 663 3424 197,
686 3341 772 3408 nullo
795 3342 898 3410 nudus
922 3340 1152 3406 coniunctivae.
1241 3349 1244 3360 '
1357 3359 1360 3364 ’

161 3463 303 3527 precor
325 3445 461 3516 Ovidius
484 3465 565 3514 unus
589 3448 701 3514 eodem
725 3465 823 3518 sensu
846 3466 906 3530 quo
930 3446 1063 3528 optandi
1091 3447 1225 3513 verbum
1259 3465 1329 3512 curn
1362 3445 1446 3512 nudo

160 3532 220 3602 155.
243 3533 422 3614 5555151515
444 3533 539 3601 iocis:

162 3623 232 3689 her.
256 3621 299 3706 V,
324 3629 386 3690 159
410 3627 477 3690 555
501 3624 584 3714 quod
606 3628 756 3706 superest
778 3623 932 3704 temporis
956 3641 1050 3690 esse
1073 3639 1220 3703 precor.

162 3729 202 3795 P.
225 3729 255 3814 I,
279 3737 311 3814 2,
336 3737 377 3796 65
401 3747 471 3808 555Ι
488 3734 598 3804 tamen
620 3731 669 3796 ult
654 3730 755 3806 terius
779 3729 948 3812 quicquam
970 3746 1107 3811 sperove
1129 3745 1328 3813 precorve,

378 3836 472 3899 quam
494 3817 578 3883 male
601 3823 724 3885 mutato
746 3828 863 3900 posse
885 3837 998 3885 carere
1019 3819 1098 3886 loco.

162 3905 202 3972 Ρ.
225 3906 255 3990 Ι,
281 3913 310 3989 7,
336 3914 355 3970 6
462 3922 712 3988 5555555555
735 3911 834 3974 tuus.

164 3994 314 4078 gestio,
338 3995 426 4074 quod·
443 3995 577 4061 verbum
610 4011 662 4076 ap.
690 3996 844 4062 Plautum
878 4001 913 4062 55
936 3995 1123 4070 Ciceronem
1146 3994 1203 4062 inf.
1238 3993 1368 4078 excipit,
1406 3996 1449 4066 ab

162 4083 315 4168 Horati0,
338 4081 475 4165 Tibullo,
499 4082 615 4150 Ovidio
637 4090 804 4165 receptum
817 4089 890 4162 555.
913 4100 967 4166 55.
990 4085 1062 4150 Γ1115.
1085 4085 1134 4168 ΙΙ,
1160 4091 1189 4167 1,
1215 4091 1255 4150 72
1285 4081 1447 4166 reperitur

163 4187 215 4252 ap.
240 4170 401 4238 051555.
426 4171 487 4239 lV.
513 4179 587 4254 130.
610 4173 672 4255 VI,
704 4180 778 4244 664.

164 4258 297 4420 stretleg}
318 4259 393 4326 huic
425 4272 458 4326 5.
481 4260 543 4330 05.
567 4259 756 4328 Sallustium
792 4265 827 4328 et
853 4261 1034 4345 Vergilium
1067 4266 1196 4329 secutus
1230 4259 1296 4328 inf.
1311 4259 1445 4344 addidit,

163 4365 240 4414 555.
299 4356 395 4431 ,555

377 4454 493 4504 ruere
516 4437 629 4506 ardet
650 4444 795 4522 utroque.
847 4487 862 4514 ,
