3326 4870
740 156 954 224 *5³:-

207 321 425 392 similitudinis
448 321 606 390 rationem
630 322 750 388 habere
773 322 945 406 oportebit,
968 342 1032 404 qua
1070 323 1125 390 via
1147 325 1280 390 Krause
1313 343 1389 390 usus
1424 330 1486 392 est.

206 417 285 480 dam
307 413 350 477 ad
378 411 531 478 infinitivi
565 429 665 490 usum,
700 411 754 491 qui
788 412 821 476 in
844 411 955 480 Ovidii
988 411 1179 480 carminibus
1214 417 1275 494 est,
1309 413 1486 480 veniamus.

114 516 122 532 ‘
208 503 262 582 qui
290 501 444 582 seriptum
471 499 552 582 legit
590 517 669 581 ,nec
690 500 739 564 ult
725 501 827 566 terius
854 501 932 566 (lare
967 520 1079 583 eorpus
1113 500 1182 566 inut
1169 501 1227 568 tile
1259 465 1326 566 feto
1361 510 1464 585 emat
1466 501 1485 532 ‘⁴

209 589 420 674 „infinitivum
449 607 490 654 ex
513 588 646 654 curaudi
668 589 768 654 verbo
791 594 900 670 aptum
924 589 1102 656 accusativi
1124 589 1281 656 luccesse
1307 590 1486 704 existimem

158 713 167 722 ·
207 679 236 744 si
259 683 369 744 autem
391 676 541 746 Ovidium
563 676 711 742 videmus
734 677 904 758 scripsisse

207 790 283 852 met.
306 785 393 868 XII,
406 791 469 849 344

314 892 375 939 nee
396 872 445 938 ult
431 871 531 937 terius
555 871 634 937 dare
655 889 772 953 corpus
794 829 912 936 inutile
931 871 997 938 leto

314 966 371 1027 aut
392 970 490 1027 vacat
512 965 570 1026 aut
592 965 694 1026 curat.

207 1069 279 1136 fieri
307 1088 371 1135 non
393 1072 513 1151 potest,
537 1065 611 1147 quin
635 1065 828 1133 infinitivum
851 1066 955 1132 dativi
977 1065 1082 1132 instar
1105 1086 1178 1134 esse
1198 1087 1395 1152 censeamus,
1417 1089 1486 1135 cum

206 1158 345 1224 vacandi
378 1156 512 1223 verbum
547 1161 707 1236 nunquam
748 1155 952 1220 accusativus
988 1162 1152 1242 sequatur,
1187 1176 1314 1238 semper
1347 1157 1486 1224 dativus.

207 1245 399 1312 infinitivum
422 1263 511 1327 vero,
535 1242 589 1325 qui
612 1262 654 1308 ex
676 1244 785 1310 verbis
809 1243 957 1310 movendi
980 1245 1112 1325 pendet,
1128 1243 1255 1310 finalem
1277 1265 1350 1312 esse
1367 1266 1486 1329 omneS,

208 1337 291 1414 quod
314 1334 424 1416 seiam,
448 1333 634 1398 concedunt.
659 1332 801 1396 cumbis
825 1338 933 1397 autem
956 1333 1129 1416 pugnandi,
1153 1333 1307 1417 luctandi,
1330 1335 1487 1418 certandi,

207 1424 332 1489 nitendi
366 1423 477 1502 verba,
513 1420 660 1499 quoniam
694 1419 822 1502 proprio
857 1439 954 1486 seusu
988 1421 1069 1486 nihil
1103 1421 1191 1488 aliud
1236 1441 1330 1502 quam
1369 1429 1486 1489 motum

208 1511 402 1594 significant,
441 1508 622 1576 arctissime
661 1509 836 1574 cohaerere
879 1518 1027 1590 apparet.
1072 1510 1181 1574 eodem
1224 1511 1402 1591 pertinente
1431 1512 1487 1576 im·

207 1600 358 1684 pellendi,
382 1597 534 1680 adigendi
557 1598 659 1663 verba
682 1602 716 1662 et
739 1596 865 1678 similia,
890 1596 1003 1677 quibus
1026 1603 1130 1663 motus
1154 1598 1240 1665 udtio
1263 1598 1359 1666 inest.
1376 1601 1488 1666 horum

208 1689 291 1754 cuim
328 1688 499 1756 verborum
536 1684 729 1752 infinitivum
767 1684 853 1751 nullo
891 1687 982 1751 modo
1020 1686 1238 1752 accusativum
1276 1687 1488 1770 interpretari

207 1776 295 1860 licet,
318 1783 354 1843 ut
377 1795 507 1856 quorum
545 1774 701 1839 obiectum
736 1779 772 1839 et
806 1792 945 1856 persona
980 1779 1015 1839 et
1048 1775 1133 1839 aetio
1169 1794 1241 1840 esse
1275 1795 1339 1842 non
1374 1777 1487 1860 possit.

207 1869 311 1946 neque
336 1865 420 1930 euim
444 1862 597 1930 eiusmodi
619 1862 716 1945 loona,
740 1862 845 1943 qualis
869 1868 921 1927 est
943 1863 1012 1927 her.
1041 1863 1141 1947 XIV,
1156 1870 1229 1948 183,
1258 1865 1424 1947 appellare
1452 1865 1488 1930 li·

208 1960 262 2019 cet
286 1959 341 2037 „et
363 1971 504 2034 peream,
529 1950 556 2016 si
579 1971 641 2016 uon
664 1950 808 2016 invitant
830 1951 935 2016 omnia
959 1949 1113 2034 culpam,“
1150 1972 1210 2034 qno
1245 1953 1380 2021 Ovidius
1414 1973 1488 2036 poe·

208 2048 313 2107 tarum
338 2040 599 2106 consuetudinem
623 2046 752 2105 secutus
785 2039 989 2104 substantivo
1023 2039 1136 2120 culpae
1170 2047 1206 2106 ut
1239 2061 1379 2123 persona
1413 2062 1488 2108 usus

209 2137 270 2196 est.
293 2130 382 2195 nulla
404 2147 482 2195 vero
505 2128 631 2194 ratione
657 2146 727 2210 „me
751 2126 857 2192 omnia
880 2127 1004 2208 culpam
1033 2127 1194 2194 iuvitaot“
1231 2131 1339 2198 dicere
1373 2131 1487 2212 potuit.

208 2219 330 2300 itaque,
355 2218 429 2300 quin
467 2218 570 2283 verba
603 2215 797 2300 impellendi,
834 2216 1052 2300 compellendi,
1089 2217 1291 2302 sollicitandi,
1326 2219 1487 2302 adigendi,

208 2306 399 2388 corrrcitaudi,
429 2305 581 2370 irritandi
609 2304 778 2386 infinitivo,
810 2303 898 2369 cuins
932 2305 983 2371 vis
1017 2303 1122 2371 finalis
1156 2306 1210 2389 sit,
1245 2307 1487 2391 coniungantur,

207 2415 270 2461 nou
294 2395 413 2460 dubito.
439 2413 569 2475 quorum
594 2393 831 2460 similitudinem
857 2392 1015 2476 monendi,
1039 2393 1191 2460 hortandi
1213 2397 1315 2461 verba
1350 2401 1488 2477 atquae

207 2483 289 2549 idem
315 2482 498 2566 significant
521 2489 633 2548 secuta
657 2501 731 2548 esse
753 2481 831 2546 mibi
859 2481 1020 2565 videntur,
1056 2502 1138 2564 quae
1172 2503 1362 2565 numnquam
1397 2503 1488 2550 aceu-

207 2572 347 2638 sativum
372 2573 421 2637 rei
443 2590 666 2652 nonnunquam
690 2570 878 2652 suscipiunt,
902 2576 1102 2636 tamencum
1126 2574 1310 2638 accusativo
1330 2592 1488 2655 personae

209 2666 245 2724 et
267 2659 404 2726 aetionis
428 2659 576 2740 coniungi
598 2679 661 2725 non
684 2664 829 2742 possunt.
862 2677 932 2724 cnm
966 2665 1073 2724 autem
1108 2661 1203 2742 actio,
1238 2663 1280 2727 ad
1313 2680 1407 2743 quam
1441 2660 1489 2726 fa·

208 2748 352 2815 ciendam
369 2747 485 2830 aliqruis
501 2750 690 2814 admonetur
707 2747 758 2814 his
775 2747 885 2813 verbis
905 2766 965 2829 per
984 2749 1254 2831 praepositionem
1279 2751 1357 2830 „ad‘
1377 2748 1488 2814 adiun-

208 2843 315 2922 gatur,
339 2836 532 2902 infinitivum
566 2855 690 2917 quoque
725 2835 853 2901 finalem
888 2853 960 2902 esse
995 2836 1181 2919 colligimus
1216 2837 1336 2919 ambigi
1369 2842 1487 2920 potest,

208 2926 311 2992 utrius
335 2945 428 2991 casus
450 2925 553 2991 locum
575 2923 754 2990 infinitivus
777 2923 882 2990 finalis
907 2923 1062 3008 obtineat,
1086 2926 1263 2992 accusativi
1298 2945 1340 2992 an
1374 2925 1487 2992 dativi.

208 3034 277 3081 cum
301 3019 410 3080 autem
433 3012 585 3079 infinitivi
607 3011 799 3094 primigenia
821 3013 872 3078 vis
906 3012 1009 3079 dativi
1043 3014 1097 3094 sit,
1132 3021 1167 3080 et
1182 3017 1186 3026 ’
1200 3015 1359 3097 mittendi,
1393 3014 1489 3080 reliu-

207 3103 335 3187 quendi,
359 3101 477 3168 similia
499 3102 602 3168 verba
625 3101 769 3168 dativum
793 3099 921 3166 finalem
945 3101 1118 3185 excipiant,
1140 3101 1333 3170 infinitivum
1360 3103 1489 3168 finalem

208 3191 301 3257 huius
325 3205 419 3257 casus
442 3190 510 3256 loco
540 3209 613 3257 esse
648 3189 806 3256 existimo.
842 3190 983 3256 eiusdem
1018 3209 1112 3257 casus
1145 3209 1276 3258 numero
1310 3191 1488 3257 infinitivus

208 3297 281 3344 esse
318 3279 456 3360 videtur,
491 3278 544 3359 qui
579 3298 620 3344 ex
654 3278 785 3344 valendi
818 3279 918 3344 verbo
952 3279 1082 3360 pendet.
1118 3280 1278 3363 studendi,
1312 3279 1488 3362 invidendi,

209 3364 398 3450 confidendi,
422 3366 598 3450 diffidendi,
622 3366 811 3433 assuesendi
833 3367 946 3450 verba,
970 3386 1052 3448 quae
1081 3387 1149 3434 cum
1184 3368 1294 3435 dativo
1329 3367 1489 3435 nominum

208 3454 357 3537 coniungi
379 3454 497 3540 solent,
521 3455 724 3540 infinitivum,
748 3455 802 3536 qu
825 3454 966 3522 eiusdem
989 3475 1081 3522 casus
1115 3456 1220 3522 instar
1254 3457 1308 3540 sit,
1342 3456 1488 3539 recipere

207 3549 356 3626 apparet.

295 3651 349 3716 nx
370 3649 572 3733 probibendi,
595 3649 800 3732 impediendi,
838 3649 982 3733 arcendi,
1018 3651 1176 3735 cessandi,
1210 3650 1400 3734 obsistendi,
1435 3651 1490 3716 de·

207 3737 353 3805 sistendi‘
377 3738 497 3821 verbis,
521 3757 590 3804 cum
612 3745 729 3823 motus,
754 3757 839 3819 quae
863 3757 904 3804 ex
927 3738 1035 3820 aliquo
1056 3741 1125 3806 loco
1155 3740 1202 3823 fit,
1237 3740 1351 3823 subsit,
1385 3739 1489 3806 infini-

206 3827 303 3911 tivos,
326 3827 380 3908 qui
403 3825 539 3915 ablativi
562 3827 777 3908 separationis
799 3827 868 3892 loco
897 3827 973 3910 sint,
1004 3837 1098 3910 aptos
1133 3847 1206 3894 esse
1241 3847 1365 3894 censeo.
1406 3829 1489 3910 quod

206 3933 285 3984 vero
319 3916 491 4000 gaudendi,
526 3915 682 3999 laetandi,
717 3915 904 3999 gratulandi
938 3916 1040 3982 verba
1073 3917 1195 3982 attinet
1229 3925 1264 3982 et
1297 3916 1488 3982 locutionem

208 4004 388 4087 „attonitus
411 4004 511 4089 sum,“
551 4003 740 4090 infinitivos,
774 4004 828 4085 qm
863 4022 904 4070 ex
938 4004 979 4070 iis
1012 4006 1167 4090 pendent,
1201 4005 1337 4072 ablativi
1370 4005 1489 4071 instru-

206 4092 307 4184 menti
329 4111 459 4160 rrmnero
482 4112 556 4160 esse
580 4092 739 4160 existimo.

295 4197 490 4283 Infinitivus,
514 4198 569 4280 qui
590 4197 760 4283 perstaudi
782 4199 882 4266 verbo
905 4199 1045 4283 additur,
1069 4198 1246 4266 accusativi
1262 4199 1372 4282 graeci
1387 4199 1489 4266 locum
1530 4263 1532 4268 .

206 4285 352 4352 obtinere
374 4286 514 4354 videtur.

294 4391 351 4460 Ad
372 4391 559 4476 infinitivus,
582 4394 637 4475 qui
660 4413 701 4460 ex
723 4393 901 4461 nominibus
924 4392 994 4475 apti
1009 4397 1094 4476 sunt,
1116 4394 1334 4478 aggredimur.
1351 4393 1487 4464 Ovidius

205 4485 282 4549 met.
317 4481 384 4566 XI,
400 4487 462 4548 779
496 4482 629 4566 scripsit
665 4502 745 4568 „uec
780 4489 854 4550 erat
886 4481 964 4548 mihi
998 4482 1127 4550 nucero
1171 4483 1288 4550 tantl.“
1324 4501 1385 4565 quo
1419 4479 1488 4550 loco
