3326 4870
715 101 769 155 *a
798 85 846 154 43
876 100 930 154 z·-

58 247 61 252 ’
178 253 418 336 propositus.
442 252 634 320 infinitivum
657 254 793 321 Ovidius
816 254 936 336 primus
960 252 1077 335 posuit.

184 367 260 426 met.
284 363 364 444 VII,
379 368 452 426 276.
505 360 554 426 his
579 365 614 425 et
635 360 721 426 mille
745 361 818 425 aliis
841 365 1010 441 postquam
1033 361 1103 426 sine
1126 359 1252 426 nomine
1275 361 1371 426 rebus

497 450 738 531 propositum
761 448 917 514 instruxit
940 449 1127 514 remorari
1150 450 1292 514 Tartara
1306 469 1437 532 ,munus

179 541 320 603 certus.
344 536 484 619 Vergilii
507 537 651 618 exemplo
675 537 810 605 Ovidius
834 537 981 618 scripsit:

178 631 256 692 met.
280 626 328 707 X,
341 633 416 691 428.
501 631 612 691 certa
635 626 733 690 mori
755 630 863 690 tamen
888 630 948 690 est.

178 719 258 779 met.
281 714 348 796 IX,
362 721 414 778 43.
500 713 602 779 certi
624 733 687 779 non
711 714 860 779 cedere.

180 806 259 867 met.
282 804 329 883 X,
343 809 418 868 394.
502 808 612 868 certa
635 806 696 866 est
719 801 928 881 exquirere
949 799 1070 866 nutrix.

179 891 256 956 her.
279 891 341 975 VI,
356 897 408 955 51.
508 894 618 956 certa
641 888 698 954 fui
720 889 821 970 primo

499 978 628 1059 hospita
651 977 790 1042 leminea
812 977 966 1059 pellere
990 981 1100 1042 castra
1122 995 1228 1042 manu.

115 1073 118 1078 '
179 1067 219 1134 Ρ.
242 1069 305 1150 IV,
323 1075 353 1150 6,
368 1074 397 1133 9.
506 1071 638 1132 certus
663 1085 750 1131 eras
774 1085 831 1146 pro
855 1084 906 1130 me
928 1065 1042 1145 loqui.

269 1171 412 1237 omuibus
439 1170 539 1253 igitur
565 1172 643 1238 locis
672 1173 745 1238 huic
779 1171 939 1238 adiectivo
974 1171 1138 1237 consilium
1166 1171 1286 1252 aliquid
1320 1161 1464 1239 faciendi

178 1260 276 1343 inest,
304 1265 342 1325 ut
370 1260 463 1325 reddi
490 1260 594 1348 possit
626 1260 711 1342 „fest
734 1259 989 1327 entschlossen“.
1036 1266 1232 1340 quapropter
1255 1261 1381 1344 Iahnio,
1412 1259 1466 1342 qui

177 1355 255 1414 met.
278 1350 326 1428 X,
340 1355 382 1412 58
413 1347 545 1430 scripsit
578 1350 812 1430 „bracchiaque
842 1349 1014 1414 intendens
1041 1348 1219 1435 prendique
1249 1355 1283 1414 et
1306 1351 1465 1430 prendere

179 1437 346 1519 certns“,
381 1455 444 1501 nou
478 1437 650 1503 assentior.
696 1456 801 1518 neque
837 1437 920 1502 enim
955 1441 1063 1502 certus
1100 1455 1168 1501 sum
1200 1437 1286 1517 apud
1315 1438 1465 1505 Ovidium

182 1524 270 1590 idem
307 1523 408 1608 valet,
446 1525 530 1606 quod
570 1543 778 1607 „persuasum
814 1525 950 1608 habeo“,
987 1541 1092 1604 neque
1127 1530 1234 1590 certus
1276 1523 1362 1606 ,fest
1396 1531 1465 1590 ent-

182 1612 370 1679 schlossen“
397 1631 465 1677 cum
488 1615 619 1694 passivo
643 1613 801 1679 infinitivo
825 1612 973 1693 coniungi
995 1630 1091 1694 posse
1114 1612 1191 1678 mihi
1213 1613 1352 1678 videtur.
1382 1613 1465 1678 codi-

180 1702 227 1767 cis
257 1701 420 1768 Marciani
451 1701 552 1782 igitur
579 1701 771 1783 scripturam
804 1701 987 1784 „certans“,
1017 1719 1087 1765 cum
1116 1706 1269 1766 contextu
1297 1703 1465 1767 verborum

180 1789 335 1854 studendi
357 1789 491 1855 verbum
514 1790 673 1870 postulari
696 1794 866 1873 appareat,
889 1788 1050 1872 praefero.

180 1899 390 1978 promptus.
414 1893 566 1961 infinitivi
589 1900 754 1961 structura
777 1895 887 1964 Ovidii
908 1895 1040 1977 propria
1064 1897 1125 1960 est.

180 1985 250 2048 her.
273 1983 378 2066 XIII,
393 1989 465 2048 122.
501 1985 719 2065 promptior
743 1988 805 2049 est
828 1983 911 2049 dulci
933 1983 1043 2064 lingua
1065 1981 1222 2047 referre
1245 2001 1343 2047 mora.

181 2091 320 2155 doctus
355 2089 440 2170 apud
468 2089 653 2173 Horatium,
690 2089 850 2154 Tibullum
879 2087 922 2173 (I,
937 2096 967 2172 7,
981 2097 1033 2153 20.
1050 2095 1102 2153 23.
1128 2095 1158 2172 9,
1172 2097 1226 2154 37.
1255 2090 1316 2171 IV,
1332 2096 1360 2174 1,
1374 2080 1466 2174 208),Ι

180 2177 385 2258 Propertium
409 2175 471 2262 (ΙΙ,
488 2185 518 2260 3,
532 2185 585 2242 20.
608 2180 652 2261 V,
666 2185 696 2260 5,
711 2179 756 2261 5),
780 2177 930 2246 Ovidium
953 2175 1146 2242 infinitivum
1169 2175 1299 2258 excipit.

181 2267 221 2340 F.
240 2267 292 2346 Π,
306 2272 381 2331 299.
505 2283 639 2347 corpora
662 2266 778 2331 docta
800 2265 986 2331 tolerare.

180 2373 212 2420 a.
236 2353 375 2435 1,11,1.
502 2353 598 2435 Nape
622 2354 738 2419 docta
760 2353 865 2419 crines
889 2353 1093 2436 colligere.

180 2460 211 2507 a.
235 2442 283 2524 Π,
297 2449 326 2523 6,
341 2447 393 2506 62.
502 2460 559 2507 ora
581 2440 674 2508 fuere
697 2442 813 2507 docta
834 2442 952 2522 loqui.

180 2531 219 2596 P.
243 2532 292 2612 II,
306 2536 335 2612 9,
350 2537 402 2594 58.
500 2530 641 2597 doctus
665 2549 705 2595 es
727 2529 865 2595 iaculum
888 2539 1081 2610 torquere.

181 2622 259 2683 met.
282 2617 324 2700 V,
339 2624 391 2683 55.
504 2618 559 2683 ille
582 2618 709 2698 quidem
731 2619 834 2684 iaculo
859 2619 1004 2698 quamvis
1029 2615 1186 2682 distantia
1209 2617 1305 2682 misso

501 2704 630 2786 figere
654 2708 791 2772 doctus
816 2711 918 2791 erat,
943 2707 1001 2772 sed
1015 2707 1179 2770 tendere
1196 2706 1345 2771 doctior
1361 2725 1464 2772 arcus.

182 2811 336 2878 sollers.
373 2811 509 2879 Ouidius
539 2812 713 2878 Horatium
741 2817 871 2879 secutus
899 2832 929 2878 a.
957 2813 1050 2898 11‚7,
1066 2819 1104 2876 17
1135 2811 1265 2893 scripsit
1296 2811 1465 2894 „sollers

182 2919 322 2968 ornare
346 2899 535 2982 Cypassis,
1477 2911 1480 2926 1

181 2994 332 3071 potens.
367 2987 523 3054 Manilius
547 2985 593 3070 (v.
616 2989 676 3055 Dr.
699 3009 731 3071 p.
757 2986 835 3074 354)
859 3008 901 3055 an
924 2989 1060 3058 Ovidius
1083 2988 1171 3070 prior
1193 2987 1386 3054 infinitivum
1409 3007 1463 3070 po·

181 3077 294 3160 suerit,
319 3076 447 3142 dubium
470 3081 532 3144 est.

181 3173 225 3232 tr.
248 3167 360 3250 1Π,6,
375 3172 426 3230 15.
502 3165 557 3231 ille
580 3169 721 3247 potens
744 3183 932 3247 pennasque
955 3165 1015 3231 tibi
1038 3183 1211 3245 currusque
1230 3163 1381 3232 ¹volucres

500 3256 673 3320 tradere.

181 3339 334 3408 avidus.
379 3340 531 3409 infinitivi
564 3345 729 3408 structura
757 3341 873 3410 Ouidio
907 3361 976 3408 curn
1009 3341 1155 3422 Vergilio
1194 3340 1366 3407 communis
1401 3345 1463 3406 est.

182 3447 214 3496 v.
238 3431 303 3495 ΚΓ.
328 3449 359 3509 p.
385 3437 438 3494 80.

183 3524 259 3583 met.
283 3518 326 3600 V,
340 3523 393 3582 75.
505 3517 612 3584 avidi
635 3517 882 3584 committere
904 3535 1053 3599 pugnam.

182 3611 259 3672 met.
283 3605 331 3688 X,
344 3612 419 3671 472.
502 3623 532 3672 0.
558 3625 795 3689 cognoscere
818 3612 988 3671 amantem.

182 3694 356 3776 cupidus.
407 3691 543 3761 Ovidius
570 3711 645 3774 pan.
674 3696 777 3760 Mass.
799 3700 963 3760 auctorem
986 3693 1061 3777 (IV,
1076 3701 1105 3778 1,
1120 3693 1176 3778 35)
1201 3695 1235 3759 et
1257 3693 1464 3775 Propertium

182 3780 225 3867 (Ι,
240 3791 291 3868 19,
305 3782 338 3868 9)
362 3786 492 3848 secutus
514 3789 591 3848 met.
614 3784 714 3866 XIV,
729 3790 793 3849 215
818 3783 948 3864 scripsit

501 3875 699 3950 mortemque
721 3872 840 3936 timeus
863 3870 1085 3952 cupidusque
1108 3869 1249 3936 moriri.

182 3957 327 4040 segnis.
351 3958 487 4027 Ovidius
502 3957 637 4024 Horatii
655 3963 690 4023 et
703 3959 843 4040 Vergilii
859 3959 1003 4040 exemplo
1025 3958 1082 4022 inf.
1109 3957 1216 4039 posuit
1239 3963 1281 4024 tr.
1304 3957 1393 4042 V,7,
1411 3964 1462 4023 19.

502 4047 618 4112 dextra
640 4065 703 4112 non
727 4047 860 4128 segnis
885 4049 978 4112 dare
1001 4046 1146 4112 vidnera.

182 4132 301 4216 ocior,
324 4151 459 4216 sagax.
482 4133 636 4202 infinitivi
658 4138 821 4201 structura
844 4141 921 4200 ante
944 4133 1094 4202 Ovidium
1116 4153 1180 4200 non
1203 4133 1351 4200 occmrit.

181 4225 258 4288 met.
282 4223 349 4307 III,
363 4231 437 4289 615.
716 4243 776 4304 quo
799 4242 862 4288 non
886 4222 967 4289 alius
991 4223 1256 4289 conscendere
1279 4241 1417 4290 summas

501 4311 606 4378 ocior
628 4316 806 4377 antemnas

180 4401 257 4464 met.
281 4398 323 4484 V,
339 4405 411 4466 146.
501 4418 621 4482 sagax
643 4403 781 4467 ventura
803 4398 950 4466 videre.
