3326 4870
682 163 813 233 99311
843 181 896 233 κ·-

151 341 203 400 99.
227 335 289 403 ov.
306 333 568 414 9199711961.
587 331 755 416 7119119.
775 339 816 398 tr.
829 335 897 418 111,
913 343 942 417 5,
962 341 1013 400 so.
1032 333 1070 401 P.
1083 336 1131 421 Π,
1146 344 1176 420 9,
1191 345 1220 402 6.
1233 337 1295 421 IV,
1311 345 1361 420 13,
1377 345 1431 404 25.

150 429 331 488 monstro.
356 421 491 489 Ovidius
514 440 596 486 unus
621 439 688 488 acc.
713 421 861 487 cumini.
886 423 1019 488 addidit.

149 531 179 577 9.
203 531 233 576 9.
256 513 286 595 Ι,
303 518 376 577 649.
852 515 1111 592 monstratque
1134 512 1217 594 piari

362 596 499 682 hospitis
522 595 635 662 adfuso
658 597 815 680 sangnine
838 617 954 679 posse
976 601 1001 664 J
1007 618 1122 665 ovem.

148 689 264 769 probo
287 686 371 752 idern
395 684 579 766 significans
603 687 686 767 qnod
712 687 857 770 „la11do“,
881 706 996 769 carpo
1025 687 1109 754 idem
1132 688 1215 768 qnod
1241 688 1427 771 ,vitupero“

149 795 200 858 ap.
225 774 376 843 Ovidium
399 774 535 856 primum
559 793 627 839 cnm
651 793 719 839 acc.
744 781 778 838 et
800 775 856 841 inf.
887 775 1000 858 'posita
1033 776 1251 860 inveniuntur,
1285 777 1364 843 illud
1399 797 1429 842 a.

134 865 222 948 ·Ι,1,
247 871 276 930 9.
301 882 331 928 a.
356 883 385 927 a.
410 863 567 945 ΙΙΙ,215,
591 863 651 927 1199
674 863 711 928 P.
735 861 804 945 ΙΙΙ,
819 873 848 947 9,
873 872 903 928 2.

149 972 178 1017 a.
201 953 230 1032 I,
247 961 275 1033 1,
301 959 330 1016 9.
417 951 487 1031 quis
509 949 704 1031 99999119
728 951 819 1017 silvis
843 953 1025 1020 Cererem
1047 970 1216 1033 regnare
1240 951 1382 1035 iugosis?

148 1041 187 1118 P.
210 1041 278 1123 ΠΙ,
292 1048 323 1123 9,
348 1046 377 1104 2.
413 1038 555 1104 carmina
576 1039 684 1104 nescio
708 1058 800 1118 quem
823 1058 986 1122 carpere
1009 1044 1121 1104 nostra
1143 1039 1264 1106 refers:

415 1127 461 1192 nil
483 1126 623 1192 nisime
645 1132 736 1192 19199
758 1126 848 1194 fruar
870 1137 906 1193 91
929 1129 1077 1209 99991999
1099 1147 1254 1210 rogare.

149 1217 345 1282 1199999919
368 1215 460 1282 verbi
483 1216 640 1296 probandi
663 1217 722 1281 Dr.
746 1235 777 1298 p.
803 1224 867 1281 376
891 1235 954 1282 999
970 1222 1204 1300 9999999991,
1228 1218 1308 1283 duos
1330 1217 1429 1300 locos,

150 1306 233 1370 bnnc
256 1303 432 1387 Ciceronis,
455 1303 592 1368 alterum
616 1303 769 1371 Caesaris
792 1304 914 1387 laudat,
938 1305 1205 1394 quibusaeprobare
1227 1305 1315 1371 idem
1339 1306 1431 1372 99191

149 1393 232 1476 qnod
270 1389 440 1473 „credibile
479 1391 648 1457 reddere“.
683 1392 744 1457 1199
781 1393 907 1472 quidem
945 1411 1042 1458 sensu
1075 1394 1211 1462 Ovidius
1252 1394 1428 1476 „probare“

148 1480 318 1562 usurpavit
340 1482 379 1546 P.
402 1481 452 1562 Π,
467 1486 519 1562 11,
544 1488 595 1546 18.
618 1481 687 1553 ΙΠ,
705 1489 733 1564 1,
760 1488 832 1546 125.
857 1482 896 1564 P,
920 1482 962 1564 V,
976 1489 1062 1546 560.

148 1570 298 1651 glorior
321 1566 394 1651 (Dr.
419 1587 450 1650 p.
486 1571 577 1651 376),
612 1570 696 1648 quod
731 1569 864 1634 verbnm
899 1588 950 1650 ap.
987 1569 1175 1634 Terentium
1209 1576 1244 1636 et
1277 1570 1430 1636 classicos

148 1658 323 1739 scriptores
348 1674 445 1738 saepe
468 1674 535 1720 acc.
559 1674 628 1722 curn
663 1656 720 1722 191.
757 1657 886 1742 excipit,
921 1658 962 1722 de
996 1657 1100 1738 poetis
1123 1657 1303 1740 Augusteis
1337 1677 1430 1724 nemo

147 1746 211 1811 nisi
233 1745 393 1811 Horatius
417 1750 452 1810 et
474 1744 609 1812 Ovidius
632 1746 749 1827 posuit.
777 1747 860 1828 Hor,
889 1763 939 1826 ep.
969 1746 1036 1829 XI,
1049 1753 1090 1811 23
1116 1745 1245 1826 (omisso
1280 1746 1341 1832 se),
1365 1747 1428 1816 09.

147 1836 186 1899 P.
210 1835 239 1916 Ι,
254 1841 284 1916 5,
310 1841 361 1898 63.

148 1921 326 1987 mentior.
350 1919 528 1987 accusativi
550 1919 691 1986 cumini.
710 1925 915 2005 structuram,
932 1941 1015 2002 quae
1030 1940 1082 2003 99.
1099 1921 1278 2003 Vergilium
1293 1921 1429 2004 primum

148 2009 268 2091 legitur
290 2007 461 2090 (ementior
482 2009 546 2074 iam
580 2027 632 2090 ap.
658 2009 750 2092 Cic),
779 2009 892 2075 Livius
927 2016 963 2075 et
985 2010 1120 2078 Ovidius
1154 2017 1357 2091 receperunt.
1394 2030 1426 2078 v.

147 2100 208 2164 Dr.
231 2118 263 2180 p.
288 2105 363 2162 376.
387 2098 450 2163 Kr.
473 2117 504 2178 p.
529 2104 582 2162 47.
607 2098 669 2181 09,
693 2103 768 2163 met.
792 2100 821 2176 Ι,
836 2105 910 2163 615.
935 2117 965 2163 a.
989 2117 1019 2162 a.
1043 2099 1072 2181 Ι,
1088 2105 1141 2163 25.
1164 2104 1206 2164 tr.
1230 2101 1259 2182 Ι,
1273 2106 1303 2182 3,
1328 2106 1381 2164 53.

147 2195 223 2252 met.
246 2188 364 2270 Ι,615.
415 2185 564 2267 19991199
587 2203 605 2250 9
628 2192 718 2252 terra
740 2185 910 2268 genitam
933 2186 1122 2251 mentitur
1151 2185 1209 2268 (99.
1233 2187 1372 2272 bovem).

148 2280 223 2340 met.
248 2276 290 2360 V,
306 2281 378 2340 187.
413 2280 451 2360 91
472 2273 597 2357 Nileus,
621 2273 675 2355 qui
698 2293 739 2339 se
761 2273 934 2356 genitum
957 2274 1166 2357 septemplice
1188 2273 1265 2340 Nilo

414 2361 625 2428 ementitus
649 2370 751 2445 erat,
775 2381 801 2428 s.

147 2451 256 2534 fingo
279 2451 364 2518 idern
386 2450 500 2517 991999
524 2449 608 2531 quod
633 2451 808 2532 „mentior“
835 2450 971 2520 Ovidius
987 2449 1107 2532 primus
1131 2469 1201 2515 curn
1224 2469 1289 2517 acc.
1313 2455 1348 2516 et
1368 2450 1428 2516 inf.

147 2540 320 2606 coniunxit.

147 2634 223 2694 met.
248 2629 353 2709 XIII,
367 2634 419 2692 59.
455 2644 561 2706 quem
584 2625 818 2712 (Palamedem)
847 2626 1011 2711 prodere
1038 2645 1106 2692 rem
1133 2628 1282 2796 Danaam
1304 2625 1429 2778 flinxit

1284 2715 1426 2798 Uixes).

147 2802 298 2886 simulo,
321 2801 537 2886 dissimulo,
571 2819 653 2884 quae
680 2805 782 2870 verba
809 2804 952 2870 omnibus
985 2803 1181 2884 temporibus
1212 2803 1430 2870 accusativum

147 2909 216 2958 cum
238 2889 296 2957 inf.
321 2897 527 2974 exceperunt,
561 2910 750 2972 quamquam
785 2911 837 2974 ap.
861 2892 1010 2960 Ovidium
1045 2890 1307 2978 frequentissima
1341 2899 1429 2977 sunt,

147 2979 281 3062 singulis
304 2980 382 3045 locis
406 2997 475 3044 cum
498 2998 564 3044 acc.
589 2985 624 3044 et
646 2979 703 3046 inf.
727 2981 834 3062 posita
858 2987 1004 3046 exstant:
1027 2998 1094 3045 rem
1120 2988 1194 3045 591.
1218 2985 1262 3046 11.
1285 2980 1359 3064 Ι,7,
1385 2988 1415 3046 5.

146 3069 326 3151 99919999
347 3067 532 3136 accusativo
548 3085 618 3132 cum
634 3067 689 3134 inf.
706 3068 845 3135 iunctum
862 3087 925 3134 999
940 3073 1105 3150 comparet
1119 3068 1182 3134 nisi
1197 3087 1248 3151 99.
1266 3068 1427 3137 Ovidium.

146 3159 185 3223 F.
209 3158 238 3242 I,
254 3163 327 3224 146.
411 3154 628 3222 Difficilem
651 3156 729 3222 mihi
751 3175 792 3222 se
814 3175 877 3222 999
899 3156 983 3222 1999
1006 3161 1144 3238 999199
1168 3161 1264 3228 9991.

147 3263 264 3327 arguo
287 3245 333 3330 (v.
356 3247 416 3311 Dr.
440 3264 472 3326 p.
497 3253 561 3311 368
585 3245 628 3327 s),
652 3263 712 3326 qno
741 3263 782 3310 ex
815 3247 914 3312 verbo
941 3244 1017 3310 inde
1039 3263 1061 3309 9
1086 3244 1198 3310 Plauti
1232 3244 1428 3328 temporibus

147 3353 213 3399 acc.
236 3351 306 3398 cum
328 3332 386 3399 191.
410 3334 540 3417 pendet,
564 3333 701 3401 Ovidius
723 3351 803 3398 9999
828 3335 868 3398 de
897 3333 1003 3415 poetis
1032 3333 1212 3414 Augusteis
1236 3333 1425 3414 usurpavit:

145 3426 223 3486 met.
247 3421 289 3503 V,
303 3428 378 3503 246,
402 3422 507 3506 ΧΠΙ,
522 3430 595 3490 297.
620 3423 700 3505 XV,
714 3429 788 3488 504.
812 3440 842 3486 9.
865 3423 915 3504 ΙΙ,
930 3429 960 3505 7,
985 3429 1014 3486 6.
1038 3421 1123 3486 idem
1138 3421 1222 3500 quod
1247 3422 1423 3503 „coargu0“

145 3509 237 3574 valet
259 3508 299 3574 Ρ.
322 3510 384 3590 IV,
399 3515 430 3590 6,
454 3517 507 3593 59,
529 3511 614 3576 idem
638 3511 722 3590 quod
748 3509 936 3592 „opprobrio
959 3508 1062 3575 iacio“
1087 3516 1165 3575 met.
1188 3509 1336 3593 XV,72.

146 3596 344 3680 convinco,
368 3597 486 3680 culpo.
510 3597 689 3665 accusativi
711 3617 780 3664 cum
802 3595 859 3663 inf.
889 3604 1089 3664 structuram
1116 3615 1180 3662 non
1206 3597 1336 3679 repperi
1364 3597 1428 3664 nisi

146 3705 197 3768 ap.
221 3684 381 3753 Ovidium.
1403 3742 1406 3747 .

146 3793 176 3840 a.
199 3774 229 3858 I,
245 3781 296 3858 12,
323 3780 374 3839 15.
414 3771 521 3839 11199
545 3773 653 3858 etiam,
677 3773 811 3855 quivos
836 3793 877 3839 ex
899 3775 1015 3840 arbore
1038 3772 1140 3840 vertit
1162 3771 1196 3839 in
1219 3791 1320 3858 usum,

412 3861 633 3928 convincam
655 3882 753 3944 puras
777 3881 840 3928 non
863 3862 1049 3929 habuisse
1071 3880 1194 3927 manus.

146 3969 176 4015 9.
199 3950 248 4034 ΙΙ,
264 3957 315 4034 14,
340 3957 392 4016 29.
411 3949 597 4018 Colchida
619 3967 838 4031 respersam
862 3968 1032 4031 puerorum
1054 3949 1211 4030 sanguine
1234 3948 1405 4031 culpant.
1481 3969 1490 3988 ·

145 4037 284 4122 obicio,
307 4042 436 4104 testor
458 4038 594 4107 Ovidius
618 4037 783 4105 Ciceronis
807 4038 985 4121 exemplum
1007 4043 1138 4104 secutus
1154 4056 1234 4104 unus
1258 4038 1298 4103 de
1320 4037 1426 4120 poetis

145 4124 326 4212 Augusteis
350 4146 420 4192 cum
443 4146 510 4193 acc.
535 4136 570 4192 et
591 4124 649 4192 inf.
674 4126 847 4192 coniunxit.
1490 4123 1493 4130 '

146 4233 176 4280 a.
199 4215 228 4299 Ι,
245 4222 295 4298 15,
321 4223 350 4281 1.
468 4216 543 4296 quid
565 4214 653 4300 mihi,
676 4215 776 4281 Livor
798 4214 893 4298 edax,
915 4214 1052 4296 ignavos
1075 4212 1200 4280 obicis
1223 4211 1346 4279 annos?

466 4323 529 4370 non
551 4322 607 4369 me
630 4321 717 4368 more
740 4308 870 4384 patrum
893 4304 966 4369 dum
989 4309 1123 4368 strenua
1146 4301 1286 4368 sustinet
1308 4305 1413 4387 aetas,

464 4391 608 4472 praemia
630 4390 764 4456 militiae
786 4389 1013 4472 991999919919
1035 4388 1170 4471 sequi?

146 4483 283 4545 testor.
307 4483 384 4546 met.
407 4480 455 4563 Π,
469 4487 544 4546 394.
567 4481 610 4564 V,
626 4487 679 4546 44.
701 4481 764 4563 VI,
778 4487 852 4547 608.
877 4479 946 4546 her.
969 4479 1075 4565 XIX,
1088 4486 1164 4544 239.
