3326 4870
704 108 758 162 κ>1
789 89 835 161 17
866 107 919 160 ³4-

169 257 307 342 liquet.
332 257 392 325 1100
415 259 548 326 verbum
571 263 631 328 Dr.
655 281 718 326 non
741 259 1010 328 eonrvuemorevit.
1039 260 1078 326 de
1109 262 1177 328 eius
1201 280 1259 328 usu
1283 263 1453 344 quaerenti

169 349 247 414 mihi
271 349 380 413 oblata
404 355 479 414 sunt
502 351 583 415 haee
606 351 768 428 exempla:
794 351 869 414 Ter.
888 369 959 414 evvn.
977 358 1052 415 331.
1077 350 1143 417 Oie.
1170 352 1210 416 de
1234 371 1264 416 n.
1290 353 1319 417 d.
1343 354 1372 436 Ι,
1399 361 1453 418 42.

164 438 215 501 vle-
244 439 349 518 puetis
385 437 564 518 Augusteis
599 457 619 503 a
652 439 738 502 nulle
770 437 833 502 nisi
866 439 907 502 ab
939 439 1055 506 Ovidie
1085 445 1271 519 usurpatum
1302 447 1353 505 est
1376 445 1451 523 met.

168 525 1453 612 mumassamuunmfflmnmmamu

105 615 738 698 xlaurissenses.

160 1243 231 1358 lll.
270 1243 335 1357 lle
373 1245 496 1358 uvvle
525 1156 778 1378 finivitve,
817 1245 990 1388 pulex
1026 1246 1356 1362 substantivis
1378 1251 1448 1396 et
1555 1201 1565 1214 ’

165 1404 330 1518 verbis
368 1405 768 1547 impersonalibus
806 1405 878 1518 lla
917 1405 1103 1547 peuvlel,
1145 1413 1202 1520 vt
1238 1406 1447 1521 subiecti

500 1595 697 1679 munere
735 1595 827 1678 uum
865 1564 1116 1708 ivmpatvr.

100 1811 103 1814 -
164 1762 199 1846 e)
223 1763 324 1830 nudus
348 1762 406 1828 inf.
430 1782 471 1827 ex
494 1763 761 1831 substantivis
784 1765 915 1845 pendet.
1085 1838 1090 1846 ι

275 1851 307 1936 1)
331 1851 504 1932 genitivi
526 1852 594 1917 loeo
618 1853 668 1918 bis
692 1853 905 1920 substantivis
929 1851 1057 1917 additus
1081 1855 1148 1920 est:

164 1937 290 2004 timor.

163 2033 240 2092 met.
263 2028 312 2111 ΙΙ,
338 2035 379 2092 65
403 2029 487 2093 unde
510 2047 598 2093 mave
622 2033 657 2092 et
679 2033 786 2096 terras
808 2028 872 2110 ipsi
894 2027 972 2094 mibi
994 2047 1093 2110 saepe
1116 2028 1256 2094 videre
1274 2019 1295 2038 ‘'
1427 2040 1430 2048 ⁴

344 2159 349 2166 -
377 2116 427 2181 fit
449 2116 572 2182 timor.

163 2211 204 2270 tr.
228 2205 257 2287 Ι,
270 2211 301 2288 8,
328 2212 365 2270 11
392 2210 528 2270 tantane
552 2212 596 2289 te,
620 2203 731 2290 fallax,
756 2223 872 2288 cepere
895 2205 1015 2272 oblivia
1037 2203 1151 2288 nostri,
1266 2217 1268 2222 ⁴

375 2293 591 2374 afflictumque
615 2293 689 2359 fuit
712 2299 823 2360 tantus
846 2293 957 2359 adire
981 2291 1117 2358 timor?

162 2380 356 2448 voluntas.
380 2387 448 2446 met
469 2383 555 2464 XH,
582 2389 644 2448 177

375 2470 426 2534 die
449 2489 521 2551 age,
544 2490 619 2536 nam
642 2469 764 2536 eunetis
788 2471 900 2536 eadem
924 2473 984 2536 est
1007 2469 1145 2536 audire
1169 2469 1361 2537 voluntas.

160 2556 292 2622 libide.
316 2558 346 2622 e'.
370 2559 462 2641 ΙΙ,7,
490 2566 529 2624 19
682 2557 683 2560 ’

227 2661 231 2676 ’
374 2646 407 2709 vii
430 2645 552 2729 melius,
576 2665 669 2728 quem
692 2666 753 2732 me,
777 2647 805 2712 si
828 2647 883 2712 sit
905 2665 1065 2728 pecasse
1087 2647 1224 2731 libido,

374 2735 504 2799 sordida
527 2740 730 2816 contemptae
753 2736 849 2802 sertis
873 2735 975 2800 emina
996 2735 1102 2801 iuvet!

160 2821 284 2887 arder.
308 2826 384 2886 met.
408 2824 456 2904 X,
480 2829 520 2887 81
734 2824 853 2890 multas
877 2829 985 2889 temen
1008 2824 1125 2896 ardor
1148 2821 1321 2888 babebat

374 2908 538 2992 iungere
561 2928 597 2975 se
620 2911 699 2975 vati.
1180 2930 1184 2936 ·

159 2995 200 3062 ei.
224 3002 267 3063 tr.
290 2999 319 3080 I,
336 3007 363 3080 1,
389 3007 430 3064 bl
455 3000 727 3080 quaerendique
751 2999 828 3066 mibi
850 2998 1015 3065 neminis
1039 2999 1155 3065 arder
1178 3003 1276 3064 erat.

159 3104 276 3152 mens.
301 3087 369 3152 ber.
393 3089 444 3169 ΙΙ,
470 3095 531 3152 133

372 3177 446 3242 bine
468 3175 545 3241 mibi
569 3176 752 3258 suppositas
775 3177 991 3242 immittere
1014 3194 1128 3258 eorpus
1151 3173 1184 3242 iu
1207 3176 1310 3241 undas

369 3283 473 3329 mens
497 3263 586 3329 fuit.

157 3349 337 3431 impetus.
361 3359 437 3417 met.
462 3353 510 3433 Π,
536 3361 610 3418 662.
634 3353 695 3436 VI,
721 3360 796 3419 461.
819 3353 920 3437 VIII,
945 3359 997 3418 38.
1022 3351 1089 3435 XI,
1114 3359 1189 3418 333.
1214 3371 1243 3416 a.
1268 3353 1360 3434 lna,
1384 3359 1437 3417 46.

158 3439 1024 3524 mmumumnwumnuffl.
1249 3515 1266 3520 Η

156 3527 195 3592 Ρ.
219 3528 325 3612 Illa,
350 3535 392 3594 30
416 3528 580 3594 venitin
602 3530 759 3611 adversus
783 3529 949 3610 impetus
972 3529 1031 3593 ire
1054 3527 1152 3593 vires.

156 3613 198 3679 ef.
221 3615 261 3680 F.
285 3617 348 3700 IV,
373 3623 435 3680 221
460 3617 690 3699 antevenit,
715 3617 791 3702 dixi,
815 3637 874 3684 sua
896 3619 1039 3684 membra
1062 3613 1226 3682 seeaudi

370 3702 545 3784 impetus

156 3795 301 3858 auctor.
325 3798 401 3858 met.
425 3793 472 3876 X,
498 3799 538 3857 83
647 3789 826 3879 (Orpheus)
850 3791 926 3859 init
949 3797 1085 3858 erretur
1108 3809 1248 3857 emerem

367 3881 401 3946 in
425 3888 555 3946 teneros
579 3881 803 3947 transferre
825 3899 942 3947 mares.

155 3982 253 4047 spes.
275 3987 305 4034 a.
329 3967 378 4052 ΙΙ,
391 3976 422 4052 4,
449 3977 489 4035 14
514 3982 682 4050 spemque
704 3971 772 4034 dat
794 3969 827 4035 in
849 3969 936 4034 uvelli
959 3967 1111 4034 mobilis
1134 3987 1223 4034 esse
1246 3973 1327 4034 toro.

154 4057 317 4138 speeies.
341 4077 371 4123 a.
394 4059 443 4140 H,
460 4065 510 4141 19,
537 4065 577 4123 14
601 4059 785 4138 praebuit
807 4058 973 4138 speeiem
997 4075 1084 4122 esse
1106 4073 1259 4122 nocens.

154 4143 374 4224 superioribus
394 4146 617 4229 substantivis,
641 4165 723 4227 quae
757 4163 809 4227 ap.
844 4147 907 4214 Ov.
942 4164 1037 4210 unum
1072 4163 1142 4210 eum
1175 4141 1233 4208 inf.
1267 4144 1434 4210 coniuncta

153 4239 334 4317 eeeumuut,
357 4235 439 4301 haee
460 4235 614 4314 adiungo:

152 4321 300 4388 enimus
324 4319 379 4404 (de
401 4341 461 4389 usu
483 4339 514 4390 v.
538 4325 598 4388 Dr.
637 4341 668 4405 p.
705 4329 779 4389 306.
815 4323 878 4387 Kr.
912 4337 943 4402 p.
981 4318 1048 4406 72.)
1082 4317 1241 4386 infinitivo
1276 4320 1434 4400 excipitur

152 4409 1047 4498 mummmmwuwa,
1215 4503 1234 4561 3
