3326 4870
663 108 751 165 ’νὴ
780 89 828 164 33
859 105 912 162 14·

163 261 286 349 adigo.
310 258 502 332 infinitivum
525 261 689 346 Vergilius
714 267 749 329 et
771 265 906 332 Ovidius
929 261 1132 330 addiderunt.

162 375 195 422 a.
219 357 286 437 ΙΙΙ,
301 363 330 440 6,
344 363 397 420 211.
505 352 591 435 quid,
614 372 677 418 non
700 351 850 433 Alpheon
876 352 1013 417 diversis
1037 365 1194 417 currere
1217 347 1314 416 terris

503 441 638 523 virginis
662 439 829 506 Arcadiae
852 446 959 506 certus
981 439 1116 521 adegit
1138 437 1247 504 amor?

163 526 364 612 compello,
400 527 534 613 irrito,
562 530 728 612 concito,
756 528 918 614 festino,
948 527 1030 592 fero
1060 547 1111 609 ap.
1135 529 1286 596 Ovidium
1309 526 1444 608 primum

163 619 220 685 inf.
247 619 420 700 excipiunt.

164 707 204 774 F.
228 709 296 790 III,
310 711 383 772 860.
568 705 833 788 compulerunt
856 721 965 786 regem
988 705 1076 770 iussa
1099 703 1241 770 nefanda
1258 704 1336 785 pati.

163 816 195 862 a.
218 798 267 879 II,
284 804 335 875 14,
349 803 401 860 33.
563 794 670 878 dicite,
695 795 765 874 quis
789 795 923 876 Tereus
949 793 1018 872 quis
1041 811 1099 858 vos
1123 793 1261 858 irritet
1284 795 1358 858 Iaso

559 881 687 964 figere
712 882 850 950 sollicita
873 901 1006 962 corpora
1029 885 1142 946 vestra
1165 877 1280 945 mann?

163 977 240 1038 met.
265 973 371 1056 XIII,
387 978 462 1036 225.
702 1031 705 1036 .
934 987 1016 1049 quae
1039 987 1097 1034 vos
1121 971 1294 1047 dementia,
1319 964 1395 1050 dixi,

484 1058 669 1143 concitat,
693 1078 710 1122 o
734 1058 821 1142 socii,
845 1062 972 1139 captam
996 1057 1199 1122 dimittere
1222 1054 1373 1122 Troiam?

164 1154 208 1214 tr.
231 1149 260 1232 I,
273 1155 305 1232 3,
319 1155 370 1213 51.
1176 1146 1253 1225 quid
1275 1142 1394 1226 urges?

484 1233 537 1301 vel
560 1253 621 1315 quo
644 1229 812 1300 festines
835 1230 909 1317 ire,
932 1227 987 1300 vel
1008 1231 1103 1317 unde,
1125 1233 1216 1300 uidet

163 1323 284 1390 festino
308 1324 457 1390 hocloco
481 1323 647 1389 causativo
671 1342 768 1388 sensu
790 1328 978 1404 usurpatum
1001 1326 1062 1387 est.

163 1417 241 1478 met.
267 1415 296 1482 Ι.
312 1421 340 1478 1.
481 1412 623 1478 innova
646 1410 727 1476 fert
749 1410 873 1476 animus
896 1416 1039 1477 mutatas
1062 1409 1170 1475 dteere
1194 1407 1315 1475 formas

486 1519 630 1581 corpora.
1424 1505 1458 1543 s

164 1608 195 1654 a.
209 1607 239 1654 a.
262 1589 419 1666 ΙΠ,467.
481 1589 566 1654 fert
588 1587 711 1652 ammius
735 1585 864 1668 propius
888 1585 1052 1652 accedere.

163 1677 290 1743 mitto.
313 1677 449 1744 Ovidius
473 1677 635 1760 Plautum,
651 1675 850 1758 Terentium,
874 1675 954 1740 alios
978 1679 1107 1741 secutus
1122 1671 1179 1742 ini.
1196 1668 1312 1757 posuit.
1336 1687 1367 1742 v.
1384 1674 1444 1739 Dr.

162 1785 196 1846 p.
222 1773 296 1830 351.
321 1767 384 1830 Kr.
407 1785 439 1846 p.
466 1769 539 1830 112.
837 1813 840 1822 .

164 1854 235 1918 Irer.
258 1854 287 1937 I,
302 1861 354 1919 37.
490 1857 523 1918 te
547 1867 736 1932 quaerere
758 1851 882 1918 misso.

644 2071 965 2132 u--ss-...u

211 2267 279 2384 u.
305 2267 372 2386 De
397 2271 688 2386 accusativo
713 2301 821 2385 eum
847 2265 1095 2402 infinitivo,
1120 2264 1197 2412 uui
1224 2266 1397 2384 obiecti

489 2433 595 2545 icco
632 2459 693 2544 ex
730 2431 894 2544 vernis
933 2432 1120 2572 pendet.

254 2609 444 2693 Verborum,
467 2610 581 2691 quibus
605 2611 807 2678 accusativus
831 2609 1083 2678 cuminfinitiuo
1099 2609 1216 2676 obiecti
1231 2610 1300 2676 loco
1316 2609 1444 2676 additus

165 2704 229 2783 est,
253 2718 311 2765 sex
332 2717 455 2780 genera
478 2698 556 2764 mihi
578 2700 731 2766 videntur
753 2699 981 2782 distinguenda
1004 2716 1093 2764 esse:

198 2807 229 2853 a.
254 2789 355 2854 verba
371 2787 541 2853 sentiendi.

269 2884 297 2942 1.
322 2876 433 2960 verba,
457 2893 539 2956 quae
563 2873 709 2942 sensibus
732 2872 853 2956 aliquid
876 2871 998 2958 percipi
1021 2875 1212 2955 exprimunt

268 2973 298 3030 2.
322 2965 433 3048 verba,
455 2981 539 3045 quae
562 2963 668 3030 animo
691 2964 811 3045 aliquid
833 2964 957 3047 percipi
979 2963 1173 3046 significant

198 3050 230 3118 b.
253 3055 355 3120 verba
378 3052 550 3134 cogitandi.

203 3162 231 3206 c.
255 3143 357 3208 verba
380 3141 559 3207 affectuum.

146 3240 151 3246 '
198 3231 230 3295 d.
254 3231 356 3295 verba
378 3231 505 3296 dicendi
529 3235 563 3296 et
584 3227 756 3295 contraria.

199 3336 228 3382 e.
252 3318 354 3383 verba
377 3318 554 3384 voluntatis
577 3326 612 3384 et
634 3318 761 3384 similia.

208 3403 231 3470 f.
254 3406 356 3471 verba
380 3404 547 3472 efficiendi.

787 3526 819 3577 a.

164 3720 288 3772 cerno.
316 3702 380 3771 ΚΓ.
408 3722 439 3786 p.
465 3708 506 3770 42
537 3723 562 3770 s
586 3701 694 3773 multis
718 3705 873 3787 exemplis
897 3699 1006 3770 allatis
1030 3719 1071 3769 eu
1093 3701 1192 3772 verbo
1216 3699 1370 3770 cernendi
1392 3719 1443 3787 ap.

165 3793 354 3860 Ciceronem
388 3799 423 3858 et
468 3793 548 3858 alios
593 3813 659 3859 acc.
695 3813 764 3859 cum
798 3795 855 3860 iut’.
890 3794 1031 3876 pendere
1070 3793 1316 3876 demonstravit,
1350 3811 1446 3873 quam

164 3887 361 3948 structuram
383 3881 560 3964 Vergilius,
584 3883 784 3965 Propertius
808 3882 944 3950 Ovidius
968 3887 1171 3963 receperunt.
1217 3883 1313 3962 Prop.
1337 3883 1399 3964 IV,
1413 3889 1444 3965 3,

164 3979 218 4035 no.
247 3971 309 4038 ov.
337 3975 414 4035 met.
442 3968 681 4053 lv,3rc,oco.
710 3971 885 4054 xmrso.
915 3971 1172 4054 idumaeae.
1201 3971 1444 4052 n.111,11,o.

162 4056 227 4140 IV,
240 4065 270 4140 2,
284 4065 336 4124 54.
361 4059 399 4123 P.
424 4057 484 4142 IV,
498 4066 528 4141 4,
542 4067 595 4123 27.
620 4067 650 4140 6,
664 4066 716 4124 39.
741 4067 772 4142 9,
789 4066 841 4124 46.
866 4059 905 4124 F.
922 4059 988 4140 ΠΙ,
1004 4065 1077 4123 116.
1101 4077 1171 4123 cum
1188 4058 1357 4139 participio
1373 4077 1445 4123 con-

162 4145 305 4211 iunctum
328 4146 492 4212 invenitur
514 4151 590 4211 met
614 4148 662 4228 Π,
677 4153 750 4211 787.
775 4148 837 4230 iV,
852 4155 927 4212 220.
952 4147 1039 4228 XII,
1056 4155 1130 4212 600.
1286 4163 1288 4167 ·

163 4234 361 4314 conspicio
384 4235 519 4302 Ovidius
544 4234 697 4318 Lucretii,
722 4235 853 4319 Catulli,
887 4235 1040 4302 Caesaris
1055 4233 1201 4315 exemplo
1225 4231 1298 4316 (Dr.
1315 4253 1346 4315 p.
1364 4233 1444 4317 363)

163 4339 235 4386 cum
257 4340 324 4387 acc.
347 4326 383 4387 et
404 4320 460 4386 inf.
483 4321 649 4388 coniunxit
670 4327 746 4388 met
764 4325 863 4406 VIII,
883 4329 955 4388 715.
980 4323 1080 4405 XIV,
1094 4329 1167 4388 178.
1183 4341 1221 4388 a.
1242 4324 1310 4404 III,
1326 4329 1377 4405 14,
1391 4330 1443 4388 34.

162 4409 321 4492 aspicio.
344 4428 411 4474 aec.
434 4427 503 4474 eum
527 4410 583 4475 inf.
607 4416 811 4498 structuram,
835 4431 917 4492 quae
940 4411 1004 4477 iam
1027 4431 1079 4494 ap.
1104 4411 1289 4563 comicos5et
1305 4410 1445 4475 Ennium
